2167 3567
132 316 172 377 68
454 328 497 375 on
520 328 685 375 onuronn.
894 326 964 387 [nt

178 486 316 551 tempora,
342 484 425 551 atque
449 474 499 533 illa
525 485 594 533 aetas
617 474 648 532 in
671 475 727 533 buo
751 474 866 532 civitate
889 474 965 532 ferre
989 502 993 505 ·

178 573 330 630 maximam
351 572 453 649 potuit,
475 582 503 629 et
523 572 596 647 juris
616 572 709 631 civilis
736 571 863 628 omnium
890 572 966 647 peri·

178 670 324 727 tissimus?
364 668 566 727 Verecundius
595 669 650 726 hau
677 670 713 725 do
740 687 771 726 re
794 668 965 745 jamdudum

177 766 289 841 loquor,
316 766 392 842 quod
427 766 506 823 adest
538 764 581 822 vir
608 765 639 821 in
665 765 790 821 diceudo
824 783 964 835 summus,

147 868 163 917 b
179 881 338 947 quem'ego
357 880 444 919 unurn
458 870 598 919 oratorem
612 860 736 917 maxime
751 861 890 930 admiror3
912 862 965 918 sed

178 969 274 1016 tamen
296 958 371 1015 idem
392 958 448 1014 hoo
477 975 589 1033 semper
610 958 658 1033 jus
687 956 772 1013 civile
800 957 964 1014 contemsit.

178 1055 297 1125 Verum,
313 1054 448 1129 quoniam
468 1054 616 1111 sententio
636 1064 720 1127 atque
733 1052 879 1128 opinionis
892 1072 965 1111 meae

178 1151 307 1209 voluistis
334 1169 397 1207 esse
423 1150 587 1225 participes,
615 1149 686 1206 nihil
719 1149 889 1219 occultub0;
923 1160 964 1222 ot,

179 1247 273 1321 quoad
293 1257 402 1322 potero,
423 1245 504 1303 vobis
524 1264 675 1322 exponam,
696 1246 764 1321 quid
787 1246 824 1303 do
849 1245 966 1321 quique

132 1350 164 1399 10
179 1362 209 1400 re
221 1343 354 1400 sentiam.
609 1379 612 1386 ι
912 1367 916 1372 ·

217 1536 393 1595 XXXVIII.
415 1535 537 1594 Antonii
565 1536 742 1594 incredibilis
768 1536 907 1612 quaedam,
934 1546 966 1595 et

178 1652 266 1711 propo
289 1633 443 1711 singularis
463 1643 491 1689 et
511 1633 610 1691 divina
638 1633 681 1689 vis
709 1632 817 1709 ingenii
841 1632 964 1705 videtur,

179 1729 291 1786 etiamsi
311 1729 365 1787 hac
387 1729 509 1788 scienti&
534 1730 606 1805 juris
632 1730 740 1788 nudata
763 1730 809 1801 sit,
830 1749 912 1806 posse
932 1750 966 1787 ae

179 1824 264 1883 facile
288 1826 391 1883 ueteris
416 1825 501 1883 armis
524 1825 684 1903 prudentiae
707 1825 781 1883 tueri
809 1836 893 1899 atque
917 1824 968 1881 de·

133 1924 165 1975 15
180 1920 304 1979 rendere.
350 1919 547 1984 Quamobrem
572 1922 620 1980 hio
643 1922 726 1979 uobis
749 1922 786 1978 sit
809 1932 965 1997 exceptus:

177 2028 291 2075 ceteros
305 2036 373 2073 vero
385 2036 444 2074 non
465 2018 602 2075 dubitabo
622 2019 745 2095 primum
766 2018 876 2075 inertiae
897 2037 967 2074 oon·

179 2114 315 2171 damnare
336 2114 477 2171 sententii
500 2115 573 2184 meri,
587 2124 652 2189 post
670 2115 755 2171 etiarn
770 2114 965 2189 impudentiae.

178 2209 256 2267 Nam
276 2210 393 2267 volitare
414 2210 442 2267 in
465 2209 534 2280 soro,
556 2210 663 2267 haerere
690 2211 719 2267 in
744 2210 807 2286 jure
835 2231 869 2268 uc
895 2230 968 2286 prae-

174 2315 272 2363 torum
298 2306 500 2376 tribunalibus,
525 2306 637 2382 judicia
662 2306 771 2381 privata
797 2326 965 2382 magnarum

130 2404 165 2455 20
178 2420 273 2459 rerum
294 2402 383 2473 obire,
406 2402 434 2459 in
456 2403 559 2476 quibus
579 2421 655 2477 saepe
675 2421 733 2459 non
753 2403 789 2458 de
810 2402 896 2472 facto,
914 2405 965 2461 sod

81 2482 88 2495 ⁵
179 2498 215 2555 de
229 2498 362 2573 aequitate
377 2518 411 2555 ae
422 2498 495 2573 jure,
511 2507 645 2569 certetur,
657 2498 767 2574 jactare
781 2512 812 2555 se
826 2497 855 2555 in
869 2500 966 2556 causis

174 2593 442 2664 „ueritumviraiibua
463 2592 493 2649 in
521 2593 624 2667 quibus
652 2594 870 2669 usucapionum,
892 2605 966 2652 tuto·

178 2687 280 2759 larum,
314 2688 515 2765 gentilitatum
551 2690 745 2765 agnationum,
780 2691 965 2763 alluvionum,

179 2784 446 2855 circumlutionurm
466 2804 616 2857 nexorum,
636 2787 856 2862 mancipiorum,
874 2788 966 2863 parie-

132 2895 165 2948 25
179 2892 249 2953 turn,
283 2880 433 2952 luminum,
470 2880 693 2954 etiliioidiorum,
729 2893 966 2941 testamentorum

179 2986 326 3053 ruptorum
363 2985 412 3033 aut
447 2988 583 3048 ratorum,
617 2990 835 3055 ceterarumque
870 2998 966 3038 rerum

180 3072 431 3133 &inumerabilium
455 3072 523 3152 *jura
545 3084 707 3149 vorsentur,
734 3094 802 3133 oum
834 3076 969 3151 omnino,
