2167 3567
131 297 173 360 88
451 313 494 360 ns
515 312 677 360 onerose.
884 311 956 372 [ni.

178 457 426 519 fuisse'l'atesntur.
467 461 523 532 Ae,
537 461 562 518 si
578 460 637 537 jem
657 459 751 535 pluoet
768 475 867 518 omnes
881 468 958 516 ertes

177 555 282 612 orstori
308 555 489 632 subjungere,
515 555 692 614 tolerabilius
717 564 761 612 est
785 555 829 614 sio
859 554 959 630 potius

177 650 283 722 dicere,
298 662 339 722 ut,
354 651 487 727 quoniam
508 651 623 710 dicendi
643 651 763 709 fsoultes
781 668 839 708 nou
852 651 959 709 debeet

177 763 239 804 esse
269 747 367 824 jejune
400 757 483 821 atque
520 746 606 817 nude,
640 746 690 803 sed
726 764 839 820 aspersu
871 756 957 820 utque

147 849 164 898 5
177 841 311 900 distinete
322 841 472 900 multarum
486 859 580 898 rerum
591 839 720 916 jucundi
732 839 854 914 quidum
868 840 958 896 varie-

177 944 244 1007 tate,
265 935 302 992 sit
322 935 389 993 boni
410 934 530 992 oratoris
556 934 646 990 multe
665 931 780 990 nuribus
800 933 956 1009 eooepisse,

178 1031 266 1089 multa
285 1031 397 1101 vidisse,
411 1031 500 1088 multu
521 1030 616 1087 animo
628 1040 657 1086 et
671 1027 854 1104 cogitatione,
867 1029 959 1086 multu

178 1127 263 1186 etism
289 1127 421 1202 legendo,
441 1126 631 1202 percurrisse;
658 1144 751 1200 neque
777 1145 821 1196 ee,
841 1134 873 1182 ut
893 1143 958 1196 sue,

178 1223 346 1298 possedisse,
361 1222 421 1292 sed,
436 1233 466 1280 ut
481 1222 583 1293 aliene,
595 1222 709 1279 libuisse.
750 1221 855 1280 Fateor
867 1220 958 1292 euim,

137 1328 165 1377 lt)
180 1318 312 1376 callidum
333 1317 472 1393 quendem
494 1317 581 1388 hune,
595 1327 624 1376 et
643 1317 722 1376 nulli
739 1318 769 1374 in
782 1335 814 1374 re
832 1317 956 1374 tironem

181 1434 214 1472 uo
234 1414 342 1484 rudem,
364 1433 418 1472 neo
444 1414 627 1492 peregrinum
653 1427 736 1489 utque
763 1413 903 1490 hospitem
925 1411 957 1470 in

181 1510 299 1588 egendo,
313 1527 376 1566 esse
389 1510 501 1568 debere.

219 1699 268 1756 Ll.
299 1698 402 1779 Neque
421 1715 489 1756 vero
509 1697 571 1754 istis
596 1698 742 1776 trsgoediis
768 1699 834 1771 tuis,
854 1699 959 1775 quibus

180 1796 222 1856 uti
235 1795 395 1873 philosophi
415 1793 537 1854 maxime
557 1793 658 1866 solent,
673 1794 786 1865 Crasse,
798 1797 957 1872 perturbor,

135 1895 167 1946 15
181 1892 256 1969 quod
277 1891 331 1948 iste
350 1890 455 1961 dixisti,
470 1890 614 1948 nemiuem
629 1909 712 1966 posse
725 1909 824 1950 eorum
839 1902 958 1964 mentes,

180 1988 229 2064 qui
257 1987 396 2058 audirent,
419 1997 467 2044 sut
493 1986 668 2044 inflammare
695 1986 829 2059 dicendo,
849 1998 898 2046 eut
918 1988 960 2046 irr-

181 2083 338 2142 flammatus
358 2083 534 2161 restinguere
555 2081 635 2158 (oum
655 2100 691 2140 eo
709 2083 831 2143 maxime
844 2083 885 2140 vis
898 2102 960 2142 ors·

181 2179 252 2239 toris
277 2179 498 2257 magnitudoque
525 2179 681 2257 cernetur),
708 2178 764 2236 uisi
789 2178 839 2254 qui
864 2197 960 2236 rerum

177 2275 309 2342 ,omnium
335 2285 474 2346 naturum,
495 2293 589 2332 mores
610 2273 753 2333 homiuum
774 2285 858 2350 etque
876 2275 960 2332 tutio·

136 2378 168 2428 πθ
183 2391 243 2444 nes,
257 2371 371 2448 penitus
389 2371 579 2448 perspexerit:
601 2370 631 2428 iu
651 2388 708 2444 quo
726 2370 908 2445 philosophie
923 2370 960 2428 sit

182 2468 289 2526 oratori
315 2466 477 2524 neoessmio
503 2465 702 2542 pereipieudn;
732 2484 788 2541 quo
811 2465 841 2524 in
864 2467 960 2526 studio

183 2563 331 2622 hominum
344 2581 454 2638 quoque
469 2560 760 2639 ingeniosissimorum
778 2562 961 2640 otiosissimo-

183 2677 302 2734 rumque
328 2667 401 2716 totss
430 2667 525 2716 etates
553 2657 680 2713 videmus
713 2675 775 2714 esse
807 2658 960 2716 ooutrites:

183 2773 302 2834 quorum
322 2772 377 2830 ego
397 2753 508 2828 oopiem
526 2751 808 2828 magnitudinemque
821 2753 962 2830 cognitio·

137 2861 170 2912 25
185 2853 229 2912 nis
256 2862 339 2925 etque
366 2847 433 2906 ortis
458 2865 516 2906 non
543 2847 628 2904 modo
648 2866 706 2904 uon
728 2859 890 2921 oontemuo,
911 2849 962 2906 sed

184 2949 270 3008 etism
283 2947 463 3004 vehementer
485 2942 624 3001 admiror:
645 2943 726 3002 nobis
746 2953 850 3015 temen,
864 2943 913 3020 qui
932 2945 961 3002 iu

184 3044 242 3104 hoo
266 3042 371 3122 populo
398 3039 512 3118 loroque
538 3057 692 3111 versuum,
713 3039 783 3098 setis
807 3048 851 3100 est
871 3057 907 3098 ee
925 3038 961 3096 de
