2167 3567
476 302 519 347 DE
543 302 706 348 ORATORE.
915 302 962 365 [L.
976 302 1000 347 1.
1063 365 1064 370 1

203 452 360 509 enuntiabo
385 453 458 529 apud
486 452 617 511 homines
645 450 889 523 familiarissimus,
907 452 1000 527 quod

204 548 298 605 adhuc
318 566 428 624 semper
449 550 535 620 tacui,
551 560 580 606 et
593 549 745 607 tacendum
765 548 869 625 putavi.
911 547 1000 605 Mihi

203 644 298 715 etiam,
313 645 415 720 quique
435 646 541 721 optime
562 646 672 716 dicunt,
687 646 791 721 quique
805 645 834 702 id
850 644 998 703 facillime

204 752 288 815 atque
315 741 495 799 ornatissime
523 742 616 799 lacere
641 752 779 822 possunt,
797 752 903 811 tamen,
931 740 997 799 nisi

172 840 188 889 5
203 836 301 893 timide
324 838 357 893 ad
379 837 532 894 dicendum
556 838 708 907 accedunt,
722 848 751 894 et
764 838 794 896 in
810 836 997 894 exordienda

203 934 330 991 oratione
351 935 560 1009 perturbantur,
581 952 662 1009 paene
689 934 869 1009 impudentes
890 932 998 989 viden·

202 1040 264 1087 tur:
293 1031 405 1087 tametsi
431 1031 458 1087 id
484 1030 615 1087 accidere
629 1050 685 1087 non
704 1040 806 1105 potest.
848 1029 887 1087 Ut
907 1029 995 1086 enirn

202 1126 323 1201 quisque
343 1128 448 1202 optime
469 1127 550 1197 dicit,
571 1126 754 1183 ita‘maxime
777 1125 893 1182 dicendi
914 1125 995 1198 diffi-

203 1223 348 1293 cultatem,
366 1223 514 1298 variosque
534 1234 652 1280 eventus
672 1222 819 1294 orationis,
840 1233 994 1297 exspecta-

157 1325 187 1373 10
202 1319 364 1393 tionemque
397 1319 544 1375 hominum
578 1319 760 1394 pertimescit.
820 1318 883 1379 Qui
916 1335 993 1375 aero

202 1416 272 1471 nihil
293 1426 387 1490 potest
403 1414 520 1490 dignum
536 1434 576 1482 re,
591 1415 709 1490 dignum
724 1413 840 1471 nomine
854 1415 990 1485 oratoris,

201 1510 318 1586 dignum
334 1511 478 1567 hominum
495 1511 610 1567 auribus
623 1511 737 1567 efficere
753 1521 837 1585 atque
850 1511 946 1581 edere,
963 1511 991 1567 is

201 1606 282 1677 mihi,
307 1607 418 1662 etiamsi
448 1619 642 1664 commovetur
663 1608 699 1664 in
726 1605 861 1679 dicende,
887 1618 990 1665 tamen

202 1702 351 1778 impudens
366 1703 483 1760 videtur.
526 1703 601 1760 Non'
611 1705 687 1761 enirn
702 1704 846 1780 pudendo,
860 1704 909 1761 sed
924 1700 989 1761 non

156 1803 186 1851 15
201 1798 333 1855 faciendo
348 1799 386 1869 id,
401 1800 475 1873 quod
497 1818 555 1855 non
574 1800 667 1869 decet,
683 1800 864 1875 impudentiae
878 1801 989 1857 nomen

201 1895 492 1970 effugeredebemus.
533 1894 632 1955 Quem
654 1914 720 1953 vero
745 1914 804 1951 non
831 1896 919 1970 pudet
939 1896 988 1972 (id

200 1992 276 2066 quod
298 1992 327 2047 in
347 1990 489 2067 plerisque
511 1991 607 2069 video)
630 1991 707 2048 hunc
733 2010 787 2067 ego
810 2009 868 2047 non
888 2009 987 2065 repre-

202 2088 339 2144 hensione
361 2087 462 2157 solum,
477 2087 525 2143 sed
548 2087 633 2146 etiam
654 2088 738 2163 poenrl
760 2086 878 2163 dignum
902 2098 985 2162 puto.

201 2184 343 2258 Equidem
364 2194 392 2241 et
409 2171 441 2240 in
462 2184 541 2239 vobis
563 2184 786 2241 animadvertere
806 2184 893 2253 soleo,
907 2195 937 2241 et
952 2184 986 2243 in

154 2286 185 2337 20
201 2300 246 2337 me
269 2280 330 2355 ipso
352 2280 507 2355 saepissime
532 2280 671 2354 experior,
694 2290 725 2335 ut
751 2279 929 2338 exalbescam
952 2279 985 2339 in

200 2376 349 2451 principiis
369 2376 495 2445 dicendi,
511 2386 539 2432 et
554 2377 613 2432 total
635 2385 729 2431 mente
750 2386 833 2449 etque
851 2375 985 2435 omuibus

202 2472 318 2528 artubus
333 2471 561 2528 contremiscam.
603 2469 844 2527 Adulescentulus
857 2490 924 2528 vero
939 2471 985 2531 sic

200 2568 282 2625 initio
305 2567 494 2624 accusationis
515 2566 692 2624 exanimatus
705 2586 778 2637 sum,
793 2579 824 2624 ut
839 2568 895 2625 hoc
908 2586 985 2625 sum-

200 2682 277 2721 mum
306 2662 477 2719 beneficium
503 2662 544 2723 Q.
573 2661 701 2719 Maximo
727 2664 983 2739 debuerim,·quod

154 2773 185 2821 25
201 2759 347 2817 continuo'
360 2758 512 2815 consilium
532 2758 681 2829 dimiserit,
696 2760 779 2817 simul
796 2780 829 2817 ac
846 2780 891 2817 me
911 2760 984 2818 srae-

200 2862 259 2915 tum
277 2875 309 2912 ac
324 2855 502 2911 debilitatum
518 2865 595 2910 metu
609 2855 719 2911 uiderit.

240 2951 298 3009 llic
318 2969 416 3008 omnes
438 2951 554 3021 assensi,
575 2950 737 3027 significare
764 2952 837 3009 inter
860 2973 932 3024 sese,
953 2965 983 3011 et

189 3047 325 3122 vcolloqui
347 3056 510 3124 coeperunt:
539 3046 592 3103 luit
612 3047 688 3105 enim
709 3047 847 3108 mirificus
867 3048 982 3123 quidam
