2167 3567
482 355 525 403 na
547 355 710 404 carrona.
921 357 998 417 [nr.

208 499 351 560 videratur
376 519 438 560 esse
461 504 602 579 judicum.
641 505 725 568 Quin
752 505 848 578 etiam,
869 523 939 563 eum
966 503 998 562 ei

209 597 343 673 scriptam
364 601 522 658 orationem
543 602 745 660 disertissimus
768 613 862 661 orator
889 602 997 679 Lysias

209 696 358 770 attulisset,
371 717 465 774 quam,
480 699 504 758 si
524 699 552 757 ei
572 701 724 774 videretur,
739 702 889 773 edisceret,
904 711 937 759 ut
956 701 996 758 ed

208 811 260 867 pro
281 812 312 851 ae
332 795 361 853 in
379 796 490 872 judicio
510 806 646 870 uteretur,
665 816 723 855 non
744 798 850 856 invitus
868 797 948 875 legit,
964 805 995 854 et

177 891 358 948 beornmode
378 893 511 969 scriptam
532 913 594 951 esse
610 894 697 952 dixit:
718 895 778 964 sed,
794 894 895 970 inquit,
911 904 952 965 ut,
967 891 994 952 si

209 985 280 1042 mibi
307 987 421 1046 calceos
449 989 599 1065 Sicyonios
624 991 777 1059 attulisses,
800 1009 858 1047 non
886 1000 992 1062 uterer,

209 1084 336 1158 quamvis
360 1095 454 1142 essent
479 1085 587 1143 habiles
609 1097 638 1144 et
658 1087 714 1164 apti
736 1086 770 1144 ad
790 1086 903 1162 pedem,
924 1087 994 1161 quia

208 1194 267 1236 uon
282 1191 377 1238 essent
391 1181 501 1251 viriles3
523 1183 566 1239 sic
587 1182 664 1240 illam
684 1183 842 1240 orationem
857 1183 993 1240 disertam

209 1275 263 1333 sibi
285 1287 313 1335 et
333 1277 482 1336 oratoriam
510 1279 609 1351 videri,
631 1279 732 1337 sortem
753 1289 782 1336 et
801 1279 910 1336 virilem
932 1296 992 1336 non

164 1367 307 1436 invideri.
349 1373 427 1451 Ergo
447 1374 495 1433 ille
515 1394 627 1450 quoque
647 1376 797 1433 damnatus
817 1386 876 1433 est:
897 1393 993 1450 neque

209 1468 300 1526 solum
324 1468 424 1544 primis
447 1471 606 1542 sententiis,
627 1471 730 1546 quibus
753 1481 863 1529 tautum
886 1482 992 1530 statue-

209 1563 278 1620 bant
308 1563 429 1639 judices,
457 1564 635 1638 damnarent,
663 1584 699 1623 an
727 1565 911 1637 absolverent,
939 1564 990 1622 sed

209 1658 295 1716 etiam
316 1658 381 1731 illis,
402 1679 472 1735 quas
492 1659 595 1717 iterum
615 1661 727 1738 legibus
747 1660 820 1719 lerre
840 1661 989 1719 debebant.

209 1753 280 1813 Erat
299 1756 375 1813 enirn
397 1756 528 1829 Athenis,
544 1775 593 1814 reo
613 1757 758 1830 damnato,
775 1758 798 1815 si
819 1757 896 1816 fraus
916 1757 991 1833 capi·

165 1867 195 1916 15
211 1851 275 1910 talis
295 1871 353 1909 non
374 1863 458 1924 esset,
478 1854 560 1928 quasi
585 1873 676 1930 poenae
697 1855 862 1912 estimatio:
881 1864 910 1912 et
930 1873 992 1910 sen·

210 1948 301 2007 tentia
333 1968 399 2007 cum
429 1949 576 2027 judicibus
607 1950 732 2022 daretur,
765 1949 990 2027 interrogabatur

210 2063 286 2118 reus,
301 2065 385 2120 quam
406 2045 485 2122 quasi
506 2045 723 2105 estimationem
744 2046 946 2104 commeruisse
959 2064 990 2103 se

211 2141 332 2199 maxime
360 2143 560 2212 contiteretur;
581 2143 670 2217 ⁸quod
704 2162 768 2200 cum
803 2143 990 2219 interrogatus

212 2239 345 2297 Socrates
365 2249 448 2310 esset,
470 2240 625 2315 respondit,
647 2258 709 2296 sese
729 2237 875 2307 meruisse,
890 2248 921 2295 ut
935 2257 991 2294 am·

163 2344 195 2405 20⁴
210 2335 344 2412 plissimis
364 2335 520 2392 bonoribus
534 2345 563 2392 et
576 2335 700 2411 praemiis
718 2335 907 2405 decoraretur,
922 2332 989 2391 etei

212 2431 303 2488 victus
324 2431 507 2505 quotidianus
526 2431 555 2488 in
575 2426 715 2506 Prytaneo
728 2429 843 2505 publice
856 2431 990 2505 prebere·

210 2537 272 2597 tur;
294 2527 340 2604 qui
362 2527 453 2584 bonos
475 2527 549 2602 apud
569 2527 686 2584 Graecos
706 2526 845 2583 maximus
864 2526 987 2583 babetur.

211 2622 301 2699 Cujus
321 2642 457 2698 responso
477 2624 519 2680 sic
532 2623 645 2699 judices
659 2633 832 2692 exarserunt,
846 2633 877 2678 ut
891 2621 988 2697 capitia

211 2718 355 2776 hominem
383 2718 648 2777 innocentissimum
678 2718 918 2776 condemnarent:
943 2717 989 2792 qui

163 2837 196 2888 ω
211 2814 325 2890 quidem
352 2815 376 2871 ai
405 2814 552 2872 absolutus
584 2823 658 2871 esset
691 2812 791 2890 (quod,
819 2813 988 2885 mehercule,

212 2910 323 2968 etiamsi
337 2910 407 2968 nihil
422 2911 457 2968 ad
471 2929 523 2966 nos
536 2909 670 2986 pertinet,
684 2919 780 2967 tamen
799 2919 912 2986 propter
932 2909 988 2985 ejus

212 3005 320 3083 ingenii
349 3005 575 3084 magnitudinem
602 3005 728 3083 vellem),
756 3024 878 3082 quonam
907 3004 988 3062 modo

212 3101 282 3160 istos
294 3101 479 3180 philosophos
499 3100 573 3160 lene
589 3115 746 3179 possemus,
759 3090 810 3175 uui
823 3118 911 3172 nuuc,
925 3118 987 3159 cun
