2167 3567
153 298 194 359 ³2
474 308 523 355 ou,
539 307 703 355 carrona.
911 305 993 366 [ω.

199 475 266 516 cum
287 460 353 516 lex.
374 458 523 535 Pompeio,
542 460 654 517 erudito
673 458 789 516 homine
808 457 839 515 in
857 455 995 533 pbiloso-

199 554 276 630 plia,
301 556 538 613 communicarit:
568 556 624 613 boc
649 555 779 631 profecto
803 553 920 623 efficiet,
943 562 993 623 ut,

199 669 409 726 quamcumque
443 670 502 709 rem
530 671 548 710 a
573 670 686 727 quoque
715 649 857 727 cognorit,
883 648 921 705 de
950 648 994 705 ed

198 747 289 805 multo
309 748 388 805 dicat
408 748 546 819 ornatius,
560 767 644 823 quam
664 747 712 804 ille
732 747 803 821 ipse,
819 745 896 801 unde
916 762 993 820 cog·

169 841 284 900 budrit.
325 844 383 901 Sed
397 844 421 901 si
435 862 481 900 me
503 844 635 914 audierit,
648 843 783 917 quoniam
803 840 991 917 philosophia

199 938 230 995 in
243 948 301 995 tres
313 949 408 1015 partes
422 951 465 996 est
478 939 595 1010 tributa,
607 940 636 995 iu
647 949 755 996 naturae
767 937 987 1007 obscuritatem,

200 1034 230 1091 in
244 1035 403 1093 disserendi
417 1036 614 1105 subtilitatem,
629 1035 659 1091 iu
672 1034 759 1091 vitam
774 1043 857 1108 atque
870 1050 987 1102 mores;

200 1130 258 1189 duo
281 1131 331 1188 illa
352 1132 556 1206 relinquamus,
582 1142 666 1204 atque
691 1129 846 1205 largiamur
872 1127 987 1185 inertias

199 1236 321 1284 nostra:
342 1228 456 1285 tertium
471 1245 547 1297 vero,
561 1226 635 1301 quod
651 1243 763 1300 semper
783 1223 905 1281 oratoris
918 1223 985 1294 suit,

155 1332 186 1384 lo
200 1322 255 1379 nisi
269 1323 439 1393 tenebimuS,
454 1322 525 1379 nihil
540 1321 656 1392 oratori,
672 1322 700 1378 in
715 1338 772 1395 quo
785 1338 906 1396 magnus
919 1337 987 1375 esse

199 1418 298 1494 possit,
313 1419 513 1493 relinquemus.
553 1416 655 1478 Quare
676 1418 724 1474 hic
736 1418 818 1474 locus
831 1416 868 1472 de
882 1415 941 1472 viat
954 1426 986 1474 et

200 1514 327 1571 moribus
347 1523 425 1570 totus
445 1522 488 1569 est
507 1514 613 1570 oratori
636 1513 857 1588 perdiscendos:
885 1521 985 1568 cetera

199 1606 224 1666 si
245 1628 302 1666 non
322 1610 464 1680 didicerit,
486 1620 583 1665 tamen
602 1608 715 1683 poterit,
732 1607 756 1664 si
776 1608 891 1682 quaudo
910 1626 985 1683 opus

200 1704 263 1776 erit,
290 1722 391 1763 ornere
418 1705 553 1776 dicendo,
580 1704 604 1761 si
630 1704 717 1761 modo
743 1703 889 1761 eruntad
916 1720 983 1761 eum

155 1814 187 1864 ts
200 1800 303 1873 delata,
317 1811 347 1858 et
360 1799 471 1859 tradita.

239 1993 323 2052 XVI.
344 1994 470 2065 Etenim,
491 1994 515 2052 si
536 2005 649 2053 constat
669 1994 743 2052 inter
763 1995 873 2065 doctos,
893 1994 983 2052 homi·

200 2108 268 2149 nem
294 2091 430 2167 ignarum·
453 2091 622 2167 astrologiae,
644 2090 766 2147 Aratum
795 2091 982 2148 ornatissimis

202 2197 286 2262 atque
300 2188 415 2264 optimis
425 2188 553 2245 versibus
567 2188 603 2244 de
617 2188 690 2245 coelo
702 2186 848 2261 stellisque
860 2186 981 2243 dixisse:

200 2283 225 2341 si
239 2282 275 2341 dc
289 2285 374 2341 rebus
394 2284 508 2341 rusticis
528 2284 674 2340 hominem
688 2284 724 2341 ab
741 2300 810 2359 agro
830 2283 982 2339 remotissi-

156 2390 187 2440 ιι)
201 2398 290 2451 mum,
316 2379 496 2437 Nicandrum
524 2379 747 2454 Colophonium,
772 2377 889 2453 poetica
915 2378 982 2454 qud·

201 2477 267 2531 dam
289 2475 433 2544 facultate,
448 2494 505 2532 non
525 2474 644 2545 rustica,
665 2474 812 2549 scripsisse
829 2475 981 2549 praeclare:

201 2569 337 2644 quidest,
353 2588 404 2627 cur
424 2589 482 2626 non
503 2580 599 2626 orator
613 2570 747 2626 derebus
761 2570 797 2627 iis
812 2570 982 2645 eloquentis·

201 2665 274 2723 sime
293 2664 381 2737 dicat,
402 2684 472 2741 ques
493 2667 529 2723 ed
549 2677 656 2723 certam
677 2684 793 2723 causam
816 2677 981 2742 tempusque

200 2760 355 2841 cogndritl
411 2762 464 2819 Est
490 2762 567 2819 euim
594 2762 730 2819 finitimus
756 2764 862 2820 oratori
887 2766 981 2838 poeta,

158 2860 329 2924 &numeris
356 2859 517 2917 adstrictior
540 2860 636 2935 paulo,
661 2861 811 2917 verborum
835 2870 930 2918 autem
952 2859 982 2917 li·

202 2956 300 3027 ceutib
325 2955 452 3025 liberior,
473 2956 571 3013 multis
592 2975 660 3013 varo
686 2956 807 3013 oruaudi
833 2957 1025 3033 generibus,

200 3052 309 3123 sonnis,
323 3071 358 3110 ac
369 3070 451 3127 prene
464 3070 530 3127 par:
554 3052 585 3109 in
598 3053 654 3111 hoc
666 3052 783 3128 quidem
797 3062 878 3111 certe
896 3069 982 3128 propa
996 3048 1019 3097 -·
