2167 3567
141 310 182 383 '7⁰'
464 314 507 385 riu
529 336 693 384 orsaorsa.
902 333 974 395 [aa

185 500 249 541 esse
268 482 354 556 lilius,
374 502 459 560 quem
479 496 561 562 pater
580 495 752 544 testamento
771 500 865 558 neque
892 482 976 539 hers-

187 579 251 637 dem
266 598 360 657 neque
373 581 545 639 exheredem
559 582 719 658 scripsisset
734 579 925 638 nominatiml

226 774 373 834 XXXIX.
393 776 496 837 Quidl
518 776 574 852 qud
589 776 625 833 de
639 795 670 833 re
684 776 757 833 iuter
775 774 929 832 Marcellos
943 784 975 831 et

187 870 325 929 Claudios
348 872 484 947 patricios
512 872 682 929 centumviri
707 872 883 948 judicarunt,
904 890 974 928 cum

157 965 319 1025 5Marcelli
340 969 376 1025 ab
396 968 491 1026 liberti
511 969 572 1027 lilio
596 969 693 1045 stirpe,
715 967 830 1025 Claudii
857 967 974 1043 patricii

187 1064 315 1141 ejusdem
355 1065 480 1123 hominis
517 1066 703 1123 hereditatem
744 1075 830 1141 gente
868 1064 902 1121 ad
941 1082 975 1120 se

186 1161 305 1219 rediisse
326 1162 455 1219 dicerent
464 1183 471 1233 ;
493 1182 590 1219 nonne
605 1162 634 1219 in
649 1162 683 1219 eit
698 1161 784 1219 causat
800 1160 853 1217 suit
866 1170 976 1218 orator·

187 1257 252 1315 ibus
272 1259 308 1315 de
329 1268 387 1315 toto
408 1256 503 1333 stirpis
533 1278 567 1315 ac
596 1258 764 1335 gentilitatis
788 1258 852 1333 jure
876 1258 976 1313 dicen·

187 1354 275 1411 duml
313 1354 416 1416 Quidl
437 1355 510 1429 quod
526 1355 594 1412 item
609 1355 638 1411 in
653 1355 851 1411 centumvirali
862 1353 976 1429 judicio

143 1454 174 1503 10
187 1460 325 1507 certatum
354 1468 416 1507 esse
444 1451 618 1525 accepimus,
640 1450 689 1525 qui
716 1450 841 1507 Romam
869 1450 898 1507 in
925 1469 976 1506 ex·

186 1546 281 1603 silium
296 1545 428 1615 venisset,
444 1546 491 1602 cui
513 1546 617 1602 Roma
638 1547 767 1603 exstilare
785 1546 832 1622 jus
848 1556 932 1616 esset,
948 1546 973 1603 si

187 1660 218 1698 se
253 1641 287 1697 ad
322 1640 443 1715 aliquem
475 1642 555 1716 quasi
583 1651 734 1716 patronum
763 1642 974 1717 applicavisset,

188 1737 378 1812 intestatoque
399 1750 474 1796 esset
496 1749 639 1807 mortuus;
662 1736 679 1771 ‘
701 1736 718 1771 ‘
740 1736 757 1771 ³
778 1756 874 1794 noune
893 1738 922 1794 in
936 1738 975 1794 ed

187 1834 275 1891 causti
293 1834 340 1909 jus
361 1833 568 1910 applicationis,
583 1834 737 1891 obscurum
758 1853 827 1891 sane
846 1844 876 1890 et
893 1833 976 1911 igno·

141 1935 173 1985 15
187 1939 258 2001 tum,
285 1930 460 2006 patefactum
488 1930 517 1986 in
542 1929 654 2005 judicio
682 1942 766 2005 atque
800 1930 974 1987 illustratum

187 2036 230 2085 est
259 2046 275 2083 a
300 2029 440 2103 patrouol
491 2026 595 2087 Quidt
629 2044 729 2101 nuper,
757 2044 823 2083 curn
854 2044 910 2103 ego
935 2025 974 2084 C.

188 2122 282 2199 Sergii
303 2122 421 2180 Aurata}
442 2133 542 2181 contra
562 2122 641 2179 hunc
662 2132 790 2179 nostrum
812 2123 973 2179 Antonium

184 2219 294 2295 judicio
313 2219 422 2294 privato
443 2238 559 2276 causam
580 2219 771 2288 defenderem,
792 2237 889 2274 nonne
914 2236 975 2273 om·

187 2316 233 2372 nis
252 2325 349 2373 nostra
369 2316 398 2373 in
416 2316 480 2391 jure
501 2325 613 2371 versata
632 2313 761 2371 defensio
782 2314 844 2370 estl
897 2313 974 2370 Cum

141 2416 173 2467 tt
188 2411 264 2468 enim
292 2410 403 2468 Marius
429 2410 616 2467 Gratidianus
642 2409 718 2466 redes
739 2410 856 2467 Aurata
876 2409 975 2465 vendi·

188 2507 286 2578 disset,
313 2525 405 2582 neque
432 2506 537 2563 servire
565 2506 706 2581 quandam
737 2524 834 2562 earum
869 2506 974 2562 aedium

187 2613 298 2680 partem
330 2602 359 2659 in
387 2602 523 2677 mancipii
551 2601 615 2677 lege
641 2601 775 2671 dixisset3
803 2602 975 2659 defendeba-

188 2716 262 2767 mus,
285 2697 422 2773 quidquid
447 2698 547 2755 fuisset
570 2697 744 2756 incommodi
768 2698 798 2755 in
820 2698 973 2773 mancipio,

189 2796 218 2854 id
239 2795 263 2852 si
283 2793 414 2851 venditor
441 2792 553 2865 scisset,
581 2812 674 2868 neque
701 2778 884 2865 declarasset,
905 2813 975 2868 prse-

142 2898 175 2951 25
189 2902 263 2951 stare
284 2891 396 2948 debere.
436 2889 507 2951 Quo
527 2890 642 2965 quidem
657 2891 687 2947 in
701 2910 807 2967 genere
825 2889 974 2947 familiaris

188 2998 285 3047 noster
306 2986 347 3046 M.
363 2986 548 3058 Bucculeius,
562 2987 649 3044 homo
668 3005 760 3062 neque
781 3005 846 3044 meo
863 2985 975 3062 judicio
