2167 3567
157 314 196 373 ts
475 326 518 394 nn
540 323 703 373 ostrone.
909 326 949 385 [s.
959 325 981 371 1.

200 472 312 544 uberes,
335 482 364 531 et
389 473 424 531 sd
447 444 615 534 memoiiam
637 472 711 532 firmi
735 482 819 548 utque
841 472 980 532 diuturni.

200 568 238 625 Et
258 568 282 625 si
303 569 366 643 quis
386 579 438 641 est,
453 570 501 644 qui
523 569 586 627 hrec
603 579 684 644 putet
704 579 764 626 srte
778 568 870 645 accipi
883 587 981 645 posse,

201 662 290 741 (quod
308 665 410 723 salsum
431 675 489 735 est;
509 666 646 741 preclare
664 665 742 723 enirn
761 684 793 723 se
806 684 852 723 res
865 666 980 738 habeut,

200 760 224 817 si
250 761 313 818 haec
340 761 469 832 accendi,
489 772 537 819 sut
563 761 738 820 commoveri
764 771 824 819 srte
849 762 979 837 possint:

169 856 286 914 fiinseri
313 856 437 932 quidem,
462 868 491 915 et
514 858 613 915 donari
640 859 676 915 ub
700 868 759 915 urte
780 876 838 915 non
859 868 981 934 possunt

197 953 310 1023 oronia;
337 964 403 1011 sunt
429 952 506 1011 enim
533 954 582 1011 ills
607 955 685 1011 dous
709 956 831 1033 nature)
852 954 921 1029 quid
941 955 980 1012 de

199 1048 255 1105 illis
276 1049 362 1120 dicet,
377 1067 439 1124 quae
461 1060 538 1107 certe
560 1068 627 1107 cum
648 1049 710 1125 ipso
728 1048 844 1106 homine
856 1068 981 1107 noscun-

198 1146 264 1202 turi
290 1145 395 1221 lingum
421 1145 535 1217 solutio,
556 1146 634 1203 vocis
646 1163 754 1217 sonus,
774 1145 872 1216 latera,
893 1145 979 1217 vires,

198 1241 386 1299 conformatio
418 1242 548 1316 quaedsm
575 1252 604 1299 et
629 1241 720 1319 figura
752 1240 838 1299 totius
864 1241 922 1299 oris
947 1250 980 1298 et

154 1331 185 1381 1⁰
198 1338 344 1412 corporis?
390 1337 493 1412 Neque
514 1338 576 1395 haec
596 1338 636 1396 its
655 1338 732 1409 dico,
752 1348 784 1395 ut
804 1356 849 1398 urs
869 1337 979 1412 aliquid

196 1432 296 1489 limare
315 1450 373 1489 non
393 1433 496 1507 possit:
518 1433 625 1510 (neque
644 1434 722 1492 enim
742 1434 853 1509 ignoro,
867 1444 896 1491 et
911 1452 977 1508 quse

197 1528 271 1585 bons
291 1528 357 1598 sint,
378 1528 439 1586 fiori
460 1529 578 1587 meliora
596 1549 680 1605 posse
703 1530 844 1601 doctrici,
864 1540 894 1587 et
912 1550 978 1605 quae

197 1640 254 1680 non
273 1623 389 1698 optima,
406 1623 501 1698 aliquo
521 1626 607 1682 modo
628 1626 692 1682 noui
713 1636 808 1683 tamen
823 1634 852 1682 et
868 1626 977 1703 corrigi

195 1724 279 1793 posse
289 1720 310 1797 :)
332 1719 382 1775 sed
403 1730 468 1777 sunt
488 1719 603 1794 quidum
619 1732 667 1777 aut
681 1721 720 1777 its
732 1721 831 1797 lingui
845 1721 978 1779 haesitun·

152 1817 182 1867 15
196 1824 249 1885 tes,
265 1824 312 1871 sut
333 1814 372 1872 ita
391 1834 462 1873 voce
484 1816 592 1886 absoni,
609 1827 657 1874 sut
677 1816 717 1873 itu
735 1817 823 1886 vultu,
840 1827 977 1893 motuque

197 1911 324 1986 corporis
338 1912 408 1969 vssti
424 1922 508 1987 atque
523 1923 656 1989 agrestes,
671 1924 711 1983 ut,
726 1913 836 1971 etiamsi
851 1913 977 1990 ingeniis

197 2016 280 2081 utque
302 2017 361 2064 erte
379 2008 500 2077 valeant,
514 2019 609 2066 tamen
624 2008 653 2065 in
667 2020 810 2066 oratorum
824 2028 975 2068 numerum

195 2103 292 2175 venire
313 2122 369 2161 non
389 2104 506 2180 possint.
548 2106 622 2161 Sunt
643 2115 736 2161 autern
755 2105 871 2180 quidam
890 2105 931 2163 its
943 2106 975 2165 in

195 2198 295 2255 iisdem
328 2200 414 2257 rebus
446 2199 565 2270 habiles,
597 2199 637 2257 its
668 2212 776 2257 nsturae
808 2202 975 2259 muneribus

149 2297 181 2347 2⁰
195 2294 296 2367 ornati,
312 2306 343 2353 ut
363 2316 421 2353 non
442 2296 511 2367 nuti,
522 2297 575 2353 sed
591 2296 734 2371 abaliquo
754 2296 819 2354 Deo
835 2296 895 2355 ficti
909 2316 974 2355 esse

194 2391 350 2450 videantur.
392 2392 530 2469 Magnum
552 2392 694 2467 quoddam
721 2404 764 2450 est
789 2412 862 2451 onus
888 2404 973 2469 utque

194 2506 307 2557 munus,
322 2489 465 2563 suscipere
486 2500 570 2563 atque
589 2488 725 2563 profiteri,
745 2507 776 2545 se
795 2508 867 2560 esse,
882 2490 973 2547 omni-

194 2582 248 2639 bus
268 2582 426 2655 silentibus,
445 2602 533 2641 unum
555 2584 684 2642 maximis
704 2585 740 2641 de
760 2586 855 2655 rebus,
868 2605 973 2663 magno

195 2676 223 2735 in
239 2689 381 2735 conventu
396 2680 552 2751 hominurn,
568 2680 749 2739 audiendum.
790 2682 882 2739 Adest
895 2683 972 2741 enim

148 2777 180 2826 25
195 2772 253 2829 sere
273 2788 368 2843 nemo,
388 2773 457 2848 quin
485 2773 597 2831 acutius
624 2785 708 2849 utque
736 2775 830 2833 acrius
852 2776 921 2835 sitit
942 2777 972 2836 in

193 2868 318 2939 dicente,
339 2888 422 2943 quum
443 2881 531 2941 recta,
546 2869 646 2928 vident.
687 2871 742 2943 Itu,
761 2872 898 2947 quidquid
919 2884 972 2947 est,

194 2962 224 3021 in
244 2983 301 3039 quo
320 2965 482 3037 offenditur,
503 2966 532 3024 id
553 2966 639 3025 etism
663 2967 721 3038 ills,
742 2987 805 3042 que
829 2970 974 3029 lsuduudu

194 3070 270 3133 sunt,
290 3061 394 3120 obruit.
447 3061 551 3141 Neque
578 3063 641 3122 hec
660 3062 690 3123 in
712 3082 776 3123 sam
802 3065 974 3125 sententiam
