2167 3567
111 323 182 382 ut]
377 321 433 372 ,un
455 321 618 370 cucone.
876 284 939 393 ¹ati

111 469 215 546 optimi
241 468 295 530 viri
322 468 451 543 dixerim,
467 469 625 548 Scaerolte)
652 477 694 541 tu,
717 464 892 528 libellis'aut

110 566 264 642 praeceptis
277 567 371 624 soceri
384 567 436 638 tui,
448 584 564 624 causam
578 565 620 623 M'
635 565 717 623 Curii
730 563 890 621 defendisti.

110 661 220 718 Nonne
235 662 376 737 arripuisti
390 661 577 738 patrocinium
592 660 740 736 equitatis,
755 671 784 718 et
796 660 893 717 defen·

109 757 221 814 sionem
233 766 475 829 testamentorum,
488 775 522 815 ac
533 757 686 815 voluntatis
695 757 891 814 mortuorumf
969 791 973 803 ·

111 854 169 924 Ac,
191 854 255 910 meri
281 853 394 929 quidem
422 853 573 925 sententiis,
595 853 740 929 (frequens
765 852 842 910 enim
859 855 921 909 tet

111 949 219 1019 audiri,
236 959 319 1025 atque
340 949 420 1028 affui)
442 949 531 1008 multo
552 949 684 1025 majorem
703 959 811 1023 partem
829 967 892 1006 sen·

110 1045 264 1102 tentiarnm
285 1045 344 1102 sale
363 1054 413 1102 tuo
426 1056 455 1102 et
467 1044 574 1121 lepore,
588 1054 617 1102 et
628 1044 804 1120 politissimis
818 1045 891 1102 face·

109 1141 169 1211 tiis,
196 1140 346 1216 pellexisti,
374 1157 440 1199 oum
466 1150 494 1198 et
522 1140 592 1209 illud
618 1140 737 1198 nimium
769 1159 890 1201 acumen

109 1236 256 1309 illuderes,
277 1247 306 1296 et
326 1237 496 1298 admirarere
516 1236 663 1313 ingenium
683 1224 827 1307 Scaevolae,
841 1236 889 1311 qui

5 1337 6 1342 ’
108 1333 311 1409 excogittisset,
332 1332 412 1390 nasci
431 1332 509 1407 prius
528 1342 660 1406 oportere
679 1349 761 1407 quem
782 1324 935 1401 emori31tl

111 1447 235 1503 cumque
261 1427 351 1486 multe
377 1427 533 1506 colligerer,
558 1438 645 1487 etex
669 1427 781 1504 legibus
802 1438 890 1486 etex

109 1524 386 1595 senatis-consultis,
410 1534 439 1582 et
461 1543 495 1582 ex
519 1523 577 1581 viti
601 1543 636 1581 ac
658 1541 788 1582 sermone
813 1542 890 1582 com·

108 1617 202 1692 muni,
222 1619 280 1678 noir
303 1620 389 1676 modo
414 1629 506 1691 acute,
529 1619 578 1679 sed
601 1619 687 1678 etiarn
711 1619 831 1677 ridicule
855 1638 890 1677 ao

109 1715 220 1785 facete;
241 1715 289 1774 ubi
303 1715 328 1774 si
341 1716 435 1786 verba,
449 1734 506 1774 non
528 1735 598 1788 rem,
617 1734 808 1791 sequeremur,
822 1734 889 1774 con·

110 1811 161 1869 fici
180 1812 219 1870 nil
240 1824 343 1888 posset.
384 1812 484 1887 Itaque
503 1811 654 1870 hilaritatis
676 1812 792 1888 plenum
815 1812 889 1889 judi·
904 1823 935 1872 lt

110 1907 188 1964 cium
216 1926 250 1966 sc
277 1908 380 1966 letitie
408 1908 477 1978 fnit;
509 1908 537 1966 in
565 1926 622 1982 quo
648 1908 715 1983 quid
741 1908 793 1966 tibi
817 1909 889 1985 juris

111 2001 204 2060 civilis
218 2003 383 2062 exercitatio
396 2003 540 2079 profuerit,
555 2021 614 2061 non
628 2003 770 2080 iutelligo;
792 2003 889 2061 dicen·

110 2097 143 2156 di
166 2099 207 2156 vis
228 2100 353 2177 egregia,
377 2099 501 2157 summi.
514 2099 666 2156 festivitate
691 2110 719 2157 et
742 2109 889 2158 venustate

111 2195 274 2271 conjuncta,
301 2195 414 2271 profuit.
460 2182 526 2270 Ipse
552 2195 600 2252 ille
626 2193 751 2266 Mucius,
777 2195 888 2269 paterni

107 2290 181 2368 juris
202 2290 340 2363 defensor,
361 2301 390 2348 et
409 2289 489 2365 quasi
515 2290 678 2365 patrimonii
697 2303 888 2368 propugnator
901 2302 934 2351 2⁰

110 2387 167 2458 sui,
188 2388 254 2462 quid
275 2387 304 2445 in
325 2387 374 2444 illa
395 2386 491 2457 causi,
512 2405 578 2444 cum
602 2397 703 2444 contra
722 2398 750 2444 ts
769 2387 887 2457 diceret,

112 2483 215 2554 attulit,
226 2484 301 2559 quod
312 2485 347 2540 ds
358 2483 422 2560 jure
433 2482 509 2540 civili
521 2482 716 2558 depromptum
727 2483 888 2540 videretnrl

111 2597 196 2654 quarn
217 2579 309 2655 legem
330 2578 476 2638 recitavitf
503 2578 571 2653 quid
595 2578 728 2653 patefecit
754 2579 886 2650 dicendo,

111 2675 186 2750 quod
213 2675 311 2734 fuisset
336 2675 474 2751 imperitis
499 2674 660 2732 occultinsl
692 2693 796 2750 nempe
827 2675 887 2750 ejus

110 2771 205 2831 ornnis
237 2772 328 2830 oratio
362 2782 471 2830 versata
497 2781 539 2828 est
565 2770 603 2828 inf
622 2789 667 2841 eo,
694 2780 726 2828 ut
751 2769 887 2846 scriptum
901 2787 933 2835 25

111 2868 264 2944 plurimum
290 2868 383 2926 volere
409 2877 539 2943 oportere
566 2866 739 2924 defenderet.
789 2866 830 2922 At
856 2865 886 2924 in

110 2963 165 3022 hoo
192 2982 296 3042 genere
322 2964 403 3040 pueri
431 2963 505 3039 apud
537 2962 687 3038 magistros
719 2973 888 3020 exercentur

110 3077 221 3133 omnes,
241 3078 308 3118 curn
327 3061 359 3120 in
377 3059 516 3136 ejusmodi
537 3059 631 3118 causis
650 3057 721 3116 ulios
738 3057 885 3134 scriptum,
