2167 3567
88 336 154 395 aa]
369 336 411 382 ou
433 334 597 382 carrona.
879 322 918 379 21

88 483 157 541 dam
176 483 393 560 rempublicam,
413 504 483 541 num
502 484 579 560 quod
601 484 772 559 eloquentiae
792 480 876 539 vesti·

90 580 170 656 gium
184 581 320 655 appareti
359 580 462 641 Quidl
483 580 593 638 exactis
605 581 732 657 regibus,
747 579 874 656 (tametsi

88 676 180 750 ipsam
200 677 381 734 exactionem
401 686 507 748 mente,
522 694 582 735 non
594 676 704 753 lingua,
718 676 874 751 perfectam

88 772 119 829 L.
142 772 227 829 Bruti
253 792 317 829 esse
344 773 502 852 ceruimus)
524 774 576 829 sed
602 774 740 848 deinceps
766 773 872 843 omnia,

88 888 186 925 noune
199 868 285 944 plene
297 869 494 941 consiliorum,
509 870 608 927 inania
625 871 777 926 verborum
797 869 902 926 ride-5

88 965 171 1022 muel
225 965 290 1041 Ego
313 984 381 1023 vero
408 966 432 1023 si
456 965 540 1023 velim
568 976 598 1022 et
623 976 726 1023 nostrae
750 964 874 1023 civitatis

88 1060 227 1136 exemplis
246 1061 299 1132 uti,
318 1072 347 1119 et
369 1062 497 1133 aliarum,
518 1061 602 1137 plura
619 1062 748 1136 proferre
766 1062 874 1138 possim

88 1156 260 1215 detrimenta
279 1158 403 1233 publicis
423 1158 518 1228 rebus,
533 1176 618 1232 quam
637 1156 810 1232 adjumenta,
823 1174 875 1231 per

88 1253 220 1309 homines
235 1253 484 1328 eloquentissimos
500 1254 668 1329 importata:
690 1253 751 1324 sed,
765 1262 797 1311 ut
810 1252 874 1309 reli·

88 1368 142 1424 qua
162 1350 387 1425 pretermittam,
407 1350 534 1408 omnium
555 1350 626 1407 mihi
646 1349 753 1422 videor,
773 1358 918 1425 excep-1⁰

88 1446 133 1517 tis,
149 1446 264 1518 Crasse,
279 1444 358 1505 vobis
372 1446 483 1519 duobis,
498 1446 746 1522 eloquentissimos
759 1445 873 1503 audisse

89 1540 136 1599 Ti.
164 1552 195 1599 et
222 1542 256 1599 C.
284 1543 480 1617 Sempronius,
514 1561 633 1617 quorum
665 1552 755 1620 pater,
786 1542 873 1599 homo

88 1638 214 1713 prudens
241 1648 270 1695 et
297 1639 399 1715 gravis,
427 1638 645 1715 haudquaquam
672 1638 819 1713 eloquens,
843 1646 874 1695 et

88 1753 163 1809 saepe
185 1734 265 1807 alias,
284 1745 314 1791 et
333 1735 456 1793 maximo
477 1753 588 1807 censor,
603 1735 688 1792 saluti
706 1734 873 1810 reipublice

88 1831 148 1889 fuit.
195 1831 292 1906 Atque
313 1830 337 1888 is
357 1822 415 1889 nou
437 1831 573 1889 accurata
593 1832 716 1907 quedam
736 1830 873 1889 orationis
888 1840 919 1889 15

89 1926 181 2004 copia,
196 1928 245 1984 sed
261 1937 332 1985 nutu
347 1938 432 2002 atque
445 1929 531 1986 verbo
544 1927 692 1986 libertinos
705 1928 736 1984 iu
749 1927 874 1985 urbanas

89 2024 180 2082 tribus
205 2024 350 2082 transtulit
357 2044 365 2094 ;
393 2023 470 2099 quod
497 2024 553 2081 uisi
577 2024 701 2095 fecisset,
722 2024 874 2100 rempubli-

90 2138 163 2192 osm,
184 2138 270 2195 quam
291 2138 370 2179 nuuc
391 2120 437 2177 vix
456 2130 598 2191 tenemus,
616 2119 746 2196 jamdiu
765 2121 874 2178 nullam

90 2215 267 2275 haberemus.
309 2217 353 2273 At
369 2234 437 2273 vero
457 2216 518 2293 ejus
538 2215 591 2273 filii
610 2215 720 2286 diserti,
738 2226 768 2272 et
784 2215 875 2273 omni·

90 2313 141 2369 bus
155 2312 199 2370 vel
216 2322 335 2384 nature,
349 2313 392 2370 vel
408 2312 547 2369 doctrine
566 2311 708 2386 presidiis
726 2312 762 2367 ad
778 2310 874 2368 dicen·
888 2318 919 2368 20

89 2409 156 2466 dum
177 2409 278 2484 parati,
293 2428 359 2467 cum
380 2409 523 2467 civitatem
537 2408 582 2464 vel
602 2417 723 2485 paterno
740 2408 872 2480 consilio,

89 2505 131 2561 vel
155 2505 237 2561 avitis
259 2502 344 2562 armis
363 2504 592 2562 florentissimam
613 2504 802 2580 accepissent,
819 2504 874 2563 ista

88 2601 227 2676 praeclard
249 2582 464 2678 ‘gubernatrice
492 2609 524 2657 ut
554 2600 605 2671 ais,
632 2600 789 2673 ciuitatum,
817 2602 874 2659 elo·

89 2697 216 2771 quentia,
230 2696 436 2773 rempublicam
450 2696 668 2772 dissipaverunt.

127 2888 167 2945 Χ.
187 2888 292 2949 Quidt
312 2888 391 2966 leges
411 2899 530 2959 veteres,
547 2906 698 2963 moresque
718 2888 872 2964 majorum
887 2893 919 2942 25

90 2984 177 3059 quidl
200 2984 337 3059 auspicia,
352 2984 455 3060 quibus
468 2994 497 3041 et
509 3002 565 3061 ego
578 2994 608 3042 et
621 2996 662 3057 tu,
677 2984 791 3056 Crasse,
806 3002 874 3042 cum

91 3080 195 3159 magna
215 3081 381 3157 reipublice
405 3080 497 3138 salute
522 3097 696 3157 presumus3
722 3080 811 3155 quidl
831 3099 874 3138 re·
