<?xml version="1.0" encoding="UTF-8"?>
<!DOCTYPE html PUBLIC "-//W3C//DTD XHTML 1.0 Transitional//EN"
    "http://www.w3.org/TR/xhtml1/DTD/xhtml1-transitional.dtd">
<html xmlns="http://www.w3.org/1999/xhtml" xml:lang="en" lang="en">
 <head>
  <title>
</title>
<meta http-equiv="Content-Type" content="text/html;charset=utf-8" />
  <meta name='ocr-system' content='tesseract 3.04.00' />
  <meta name='ocr-capabilities' content='ocr_page ocr_carea ocr_par ocr_line ocrx_word'/>
</head>
<body>
  <div class='ocr_page' id='page_1' title='image "./mtciceronisadqu01dillgoog_0184.png"; bbox 0 0 2167 3567; ppageno 0'>
   <div class='ocr_carea' id='block_1_1' title="bbox 147 262 1078 379">
    <p class='ocr_par' dir='ltr' id='par_1_1' title="bbox 147 262 1078 379">
     <span class='ocr_line' id='line_1_1' title="bbox 147 262 1078 379; baseline -0.009 -36"><span class='ocrx_word' id='word_1_1' title='bbox 147 283 205 344; x_wconf 81' lang='lat' dir='ltr'>trs</span> <span class='ocrx_word' id='word_1_2' title='bbox 401 303 405 312; x_wconf 89' lang='lat'><strong>·</strong></span> <span class='ocrx_word' id='word_1_3' title='bbox 461 293 504 342; x_wconf 82' lang='lat' dir='ltr'>nn</span> <span class='ocrx_word' id='word_1_4' title='bbox 526 291 689 379; x_wconf 67' lang='lat' dir='ltr'>patrona.</span> <span class='ocrx_word' id='word_1_5' title='bbox 890 289 978 349; x_wconf 78' lang='lat' dir='ltr'>[nu.</span> <span class='ocrx_word' id='word_1_6' title='bbox 1077 262 1078 271; x_wconf 74' lang='grc'>’</span> 
     </span>
    </p>
   </div>
   <div class='ocr_carea' id='block_1_2' title="bbox 161 436 976 1187">
    <p class='ocr_par' dir='ltr' id='par_1_2' title="bbox 161 436 976 1187">
     <span class='ocr_line' id='line_1_2' title="bbox 191 436 975 518; baseline -0.003 -20"><span class='ocrx_word' id='word_1_7' title='bbox 191 448 221 498; x_wconf 90' lang='lat' dir='ltr'>et</span> <span class='ocrx_word' id='word_1_8' title='bbox 240 438 280 512; x_wconf 88' lang='lat' dir='ltr'>id,</span> <span class='ocrx_word' id='word_1_9' title='bbox 300 440 376 516; x_wconf 90' lang='lat' dir='ltr'>quod</span> <span class='ocrx_word' id='word_1_10' title='bbox 396 439 490 512; x_wconf 84' lang='lat' dir='ltr'>vellet,</span> <span class='ocrx_word' id='word_1_11' title='bbox 509 439 627 518; x_wconf 82' lang='lat' dir='ltr'>parvulo</span> <span class='ocrx_word' id='word_1_12' title='bbox 644 439 752 510; x_wconf 85' lang='lat' dir='ltr'>labora,</span> <span class='ocrx_word' id='word_1_13' title='bbox 768 436 848 498; x_wconf 85' lang='lat' dir='ltr'>nullo</span> <span class='ocrx_word' id='word_1_14' title='bbox 866 456 975 510; x_wconf 87' lang='lat' dir='ltr'>errore,</span> 
     </span>
     <span class='ocr_line' id='line_1_3' title="bbox 192 535 976 613; baseline -0.003 -19"><span class='ocrx_word' id='word_1_15' title='bbox 192 535 347 606; x_wconf 83' lang='lat' dir='ltr'>inveniret;</span> <span class='ocrx_word' id='word_1_16' title='bbox 385 536 427 594; x_wconf 87' lang='lat' dir='ltr'>sic</span> <span class='ocrx_word' id='word_1_17' title='bbox 463 537 514 594; x_wconf 87' lang='lat' dir='ltr'>has</span> <span class='ocrx_word' id='word_1_18' title='bbox 549 555 606 613; x_wconf 84' lang='lat' dir='ltr'>ego</span> <span class='ocrx_word' id='word_1_19' title='bbox 642 545 873 612; x_wconf 85' lang='lat' dir='ltr'>argumentorum</span> <span class='ocrx_word' id='word_1_20' title='bbox 904 535 976 592; x_wconf 84' lang='lat' dir='ltr'>nori</span> 
     </span>
     <span class='ocr_line' id='line_1_4' title="bbox 191 629 976 707; baseline -0.005 -17"><span class='ocrx_word' id='word_1_21' title='bbox 191 642 284 703; x_wconf 86' lang='lat' dir='ltr'>notas,</span> <span class='ocrx_word' id='word_1_22' title='bbox 298 651 361 707; x_wconf 79' lang='lat' dir='ltr'>quie</span> <span class='ocrx_word' id='word_1_23' title='bbox 382 632 430 690; x_wconf 91' lang='lat' dir='ltr'>illa</span> <span class='ocrx_word' id='word_1_24' title='bbox 449 632 519 689; x_wconf 89' lang='lat' dir='ltr'>mihi</span> <span class='ocrx_word' id='word_1_25' title='bbox 540 631 677 707; x_wconf 71' lang='lat' dir='ltr'>querenti</span> <span class='ocrx_word' id='word_1_26' title='bbox 697 632 902 698; x_wconf 87' lang='lat' dir='ltr'>demonstrant,</span> <span class='ocrx_word' id='word_1_27' title='bbox 923 629 976 687; x_wconf 88' lang='lat' dir='ltr'>ubi</span> 
     </span>
     <span class='ocr_line' id='line_1_5' title="bbox 192 725 975 804; baseline -0.005 -18"><span class='ocrx_word' id='word_1_28' title='bbox 192 727 264 798; x_wconf 84' lang='lat' dir='ltr'>sint3</span> <span class='ocrx_word' id='word_1_29' title='bbox 285 728 394 802; x_wconf 85' lang='lat' dir='ltr'>reliqua</span> <span class='ocrx_word' id='word_1_30' title='bbox 404 728 473 785; x_wconf 70' lang='lat' dir='ltr'>curi</span> <span class='ocrx_word' id='word_1_31' title='bbox 484 737 513 784; x_wconf 88' lang='lat' dir='ltr'>et</span> <span class='ocrx_word' id='word_1_32' title='bbox 523 727 699 804; x_wconf 83' lang='lat' dir='ltr'>cogitatione</span> <span class='ocrx_word' id='word_1_33' title='bbox 709 737 854 783; x_wconf 87' lang='lat' dir='ltr'>eruuntur.</span> <span class='ocrx_word' id='word_1_34' title='bbox 884 725 975 787; x_wconf 81' lang='lat' dir='ltr'>Quod</span> 
     </span>
     <span class='ocr_line' id='line_1_6' title="bbox 161 821 973 900; baseline -0.004 -20"><span class='ocrx_word' id='word_1_35' title='bbox 161 831 287 880; x_wconf 68' lang='lat' dir='ltr'>cautem</span> <span class='ocrx_word' id='word_1_36' title='bbox 315 833 545 900; x_wconf 84' lang='lat' dir='ltr'>argumentorum</span> <span class='ocrx_word' id='word_1_37' title='bbox 571 841 663 899; x_wconf 81' lang='lat' dir='ltr'>genus</span> <span class='ocrx_word' id='word_1_38' title='bbox 689 821 795 896; x_wconf 84' lang='lat' dir='ltr'>cuique</span> <span class='ocrx_word' id='word_1_39' title='bbox 820 839 973 878; x_wconf 84' lang='lat' dir='ltr'>causarum</span> 
     </span>
     <span class='ocr_line' id='line_1_7' title="bbox 192 917 974 995; baseline -0.001 -21"><span class='ocrx_word' id='word_1_40' title='bbox 192 918 291 995; x_wconf 80' lang='lat' dir='ltr'><strong>generi</strong></span> <span class='ocrx_word' id='word_1_41' title='bbox 305 918 426 976; x_wconf 81' lang='lat' dir='ltr'>maxime</span> <span class='ocrx_word' id='word_1_42' title='bbox 439 920 601 989; x_wconf 85' lang='lat' dir='ltr'>conveniat,</span> <span class='ocrx_word' id='word_1_43' title='bbox 612 937 669 976; x_wconf 88' lang='lat' dir='ltr'>non</span> <span class='ocrx_word' id='word_1_44' title='bbox 684 928 728 974; x_wconf 88' lang='lat' dir='ltr'>est</span> <span class='ocrx_word' id='word_1_45' title='bbox 742 917 810 974; x_wconf 90' lang='lat' dir='ltr'>artis</span> <span class='ocrx_word' id='word_1_46' title='bbox 823 917 974 992; x_wconf 77' lang='lat' dir='ltr'>exquisitis</span> 
     </span>
     <span class='ocr_line' id='line_1_8' title="bbox 192 1012 973 1090; baseline -0.003 -20"><span class='ocrx_word' id='word_1_47' title='bbox 192 1014 387 1090; x_wconf 78' lang='lat' dir='ltr'>prescribere,</span> <span class='ocrx_word' id='word_1_48' title='bbox 401 1015 451 1072; x_wconf 89' lang='lat' dir='ltr'>sed</span> <span class='ocrx_word' id='word_1_49' title='bbox 471 1026 514 1072; x_wconf 88' lang='lat' dir='ltr'>est</span> <span class='ocrx_word' id='word_1_50' title='bbox 533 1015 686 1072; x_wconf 86' lang='lat' dir='ltr'>mediocris</span> <span class='ocrx_word' id='word_1_51' title='bbox 706 1013 815 1090; x_wconf 83' lang='lat' dir='ltr'>ingenii</span> <span class='ocrx_word' id='word_1_52' title='bbox 833 1012 973 1088; x_wconf 85' lang='lat' dir='ltr'>judicare.</span> 
     </span>
     <span class='ocr_line' id='line_1_9' title="bbox 192 1108 972 1187; baseline -0.006 -19"><span class='ocrx_word' id='word_1_53' title='bbox 192 1109 295 1185; x_wconf 81' lang='lat' dir='ltr'>Neque</span> <span class='ocrx_word' id='word_1_54' title='bbox 316 1110 392 1168; x_wconf 91' lang='lat' dir='ltr'>enim</span> <span class='ocrx_word' id='word_1_55' title='bbox 412 1129 490 1167; x_wconf 92' lang='lat' dir='ltr'>nunc</span> <span class='ocrx_word' id='word_1_56' title='bbox 511 1110 539 1167; x_wconf 89' lang='lat' dir='ltr'>id</span> <span class='ocrx_word' id='word_1_57' title='bbox 560 1111 679 1187; x_wconf 83' lang='lat' dir='ltr'>agimus,</span> <span class='ocrx_word' id='word_1_58' title='bbox 695 1120 726 1167; x_wconf 89' lang='lat' dir='ltr'>ut</span> <span class='ocrx_word' id='word_1_59' title='bbox 747 1122 834 1167; x_wconf 88' lang='lat' dir='ltr'>artem</span> <span class='ocrx_word' id='word_1_60' title='bbox 845 1108 972 1185; x_wconf 83' lang='lat' dir='ltr'>aliquam</span> 
     </span>
    </p>
   </div>
   <div class='ocr_carea' id='block_1_3' title="bbox 193 1202 1078 1279">
    <p class='ocr_par' dir='ltr' id='par_1_3' title="bbox 193 1202 1078 1279">
     <span class='ocr_line' id='line_1_10' title="bbox 193 1202 1078 1279; baseline -0.003 -19"><span class='ocrx_word' id='word_1_61' title='bbox 193 1203 308 1262; x_wconf 89' lang='lat' dir='ltr'>dicendi</span> <span class='ocrx_word' id='word_1_62' title='bbox 323 1203 507 1279; x_wconf 82' lang='lat' dir='ltr'>explicemus,</span> <span class='ocrx_word' id='word_1_63' title='bbox 518 1204 568 1260; x_wconf 87' lang='lat' dir='ltr'>sed</span> <span class='ocrx_word' id='word_1_64' title='bbox 579 1213 610 1261; x_wconf 88' lang='lat' dir='ltr'>ut</span> <span class='ocrx_word' id='word_1_65' title='bbox 624 1203 796 1262; x_wconf 70' lang='lat' dir='ltr'>doctissimis</span> <span class='ocrx_word' id='word_1_66' title='bbox 809 1202 974 1260; x_wconf 91' lang='lat' dir='ltr'>hominibus</span> <span class='ocrx_word' id='word_1_67' title='bbox 1077 1210 1078 1219; x_wconf 60' lang='lat'>¹</span> 
     </span>
    </p>
   </div>
   <div class='ocr_carea' id='block_1_4' title="bbox 148 1297 975 1472">
    <p class='ocr_par' dir='ltr' id='par_1_4' title="bbox 148 1297 975 1472">
     <span class='ocr_line' id='line_1_11' title="bbox 148 1297 975 1374; baseline -0.01 -12"><span class='ocrx_word' id='word_1_68' title='bbox 148 1312 179 1362; x_wconf 86' lang='lat'>10</span> <span class='ocrx_word' id='word_1_69' title='bbox 194 1300 262 1358; x_wconf 79' lang='lat' dir='ltr'>usias</span> <span class='ocrx_word' id='word_1_70' title='bbox 275 1300 362 1357; x_wconf 79' lang='lat' dir='ltr'>nostri</span> <span class='ocrx_word' id='word_1_71' title='bbox 373 1299 452 1374; x_wconf 87' lang='lat' dir='ltr'>quasi</span> <span class='ocrx_word' id='word_1_72' title='bbox 467 1299 595 1373; x_wconf 78' lang='lat' dir='ltr'>quaedam</span> <span class='ocrx_word' id='word_1_73' title='bbox 609 1299 719 1356; x_wconf 85' lang='lat' dir='ltr'>monita</span> <span class='ocrx_word' id='word_1_74' title='bbox 731 1299 882 1356; x_wconf 84' lang='lat' dir='ltr'>tradamus.</span> <span class='ocrx_word' id='word_1_75' title='bbox 917 1297 975 1355; x_wconf 88' lang='lat' dir='ltr'>His</span> 
     </span>
     <span class='ocr_line' id='line_1_12' title="bbox 194 1393 974 1472; baseline -0.003 -19"><span class='ocrx_word' id='word_1_76' title='bbox 194 1396 280 1472; x_wconf 87' lang='lat' dir='ltr'>igitur</span> <span class='ocrx_word' id='word_1_77' title='bbox 300 1395 372 1452; x_wconf 84' lang='lat' dir='ltr'>locis</span> <span class='ocrx_word' id='word_1_78' title='bbox 387 1395 415 1452; x_wconf 90' lang='lat' dir='ltr'>in</span> <span class='ocrx_word' id='word_1_79' title='bbox 430 1405 526 1452; x_wconf 89' lang='lat' dir='ltr'>mente</span> <span class='ocrx_word' id='word_1_80' title='bbox 540 1405 568 1450; x_wconf 88' lang='lat' dir='ltr'>et</span> <span class='ocrx_word' id='word_1_81' title='bbox 584 1395 757 1471; x_wconf 79' lang='lat' dir='ltr'>cogitatione</span> <span class='ocrx_word' id='word_1_82' title='bbox 777 1394 885 1464; x_wconf 81' lang='lat' dir='ltr'>defixis,</span> <span class='ocrx_word' id='word_1_83' title='bbox 900 1405 928 1450; x_wconf 91' lang='lat' dir='ltr'>et</span> <span class='ocrx_word' id='word_1_84' title='bbox 943 1393 974 1452; x_wconf 90' lang='lat' dir='ltr'>iu</span> 
     </span>
    </p>
   </div>
   <div class='ocr_carea' id='block_1_5' title="bbox 193 1489 1078 1660">
    <p class='ocr_par' dir='ltr' id='par_1_5' title="bbox 193 1489 1078 1660">
     <span class='ocr_line' id='line_1_13' title="bbox 193 1489 1078 1564; baseline 0.002 -17"><span class='ocrx_word' id='word_1_85' title='bbox 193 1489 271 1547; x_wconf 88' lang='lat' dir='ltr'>omni</span> <span class='ocrx_word' id='word_1_86' title='bbox 285 1507 316 1546; x_wconf 88' lang='lat' dir='ltr'>re</span> <span class='ocrx_word' id='word_1_87' title='bbox 330 1490 363 1546; x_wconf 88' lang='lat' dir='ltr'>ad</span> <span class='ocrx_word' id='word_1_88' title='bbox 378 1489 532 1546; x_wconf 86' lang='lat' dir='ltr'>dicendum</span> <span class='ocrx_word' id='word_1_89' title='bbox 552 1489 645 1564; x_wconf 74' lang='lat' dir='ltr'>posits</span> <span class='ocrx_word' id='word_1_90' title='bbox 664 1490 804 1561; x_wconf 85' lang='lat' dir='ltr'>excitatis,</span> <span class='ocrx_word' id='word_1_91' title='bbox 818 1489 889 1546; x_wconf 85' lang='lat' dir='ltr'>nihii</span> <span class='ocrx_word' id='word_1_92' title='bbox 908 1489 972 1560; x_wconf 87' lang='lat' dir='ltr'>erit,</span> <span class='ocrx_word' id='word_1_93' title='bbox 1077 1540 1078 1549; x_wconf 70' lang='grc'>,</span> 
     </span>
     <span class='ocr_line' id='line_1_14' title="bbox 193 1584 1078 1660; baseline 0.006 -18"><span class='ocrx_word' id='word_1_94' title='bbox 193 1584 270 1659; x_wconf 87' lang='lat' dir='ltr'>quod</span> <span class='ocrx_word' id='word_1_95' title='bbox 295 1594 435 1642; x_wconf 87' lang='lat' dir='ltr'>oratorem</span> <span class='ocrx_word' id='word_1_96' title='bbox 463 1585 588 1660; x_wconf 82' lang='lat' dir='ltr'>effugere</span> <span class='ocrx_word' id='word_1_97' title='bbox 621 1585 720 1659; x_wconf 83' lang='lat' dir='ltr'>possit,</span> <span class='ocrx_word' id='word_1_98' title='bbox 746 1604 805 1642; x_wconf 91' lang='lat' dir='ltr'>nou</span> <span class='ocrx_word' id='word_1_99' title='bbox 831 1585 916 1642; x_wconf 91' lang='lat' dir='ltr'>modo</span> <span class='ocrx_word' id='word_1_100' title='bbox 943 1584 973 1642; x_wconf 90' lang='lat' dir='ltr'>iu</span> <span class='ocrx_word' id='word_1_101' title='bbox 1077 1606 1078 1647; x_wconf 60' lang='lat' dir='ltr'>r</span> 
     </span>
    </p>
   </div>
   <div class='ocr_carea' id='block_1_6' title="bbox 148 1677 974 2044">
    <p class='ocr_par' dir='ltr' id='par_1_6' title="bbox 148 1677 974 2044">
     <span class='ocr_line' id='line_1_15' title="bbox 194 1677 974 1755; baseline 0.001 -19"><span class='ocrx_word' id='word_1_102' title='bbox 194 1677 353 1736; x_wconf 81' lang='lat' dir='ltr'>forensibus</span> <span class='ocrx_word' id='word_1_103' title='bbox 373 1679 637 1755; x_wconf 80' lang='lat' dir='ltr'>disceptationibus,</span> <span class='ocrx_word' id='word_1_104' title='bbox 657 1680 707 1737; x_wconf 85' lang='lat' dir='ltr'>sed</span> <span class='ocrx_word' id='word_1_105' title='bbox 727 1681 845 1738; x_wconf 87' lang='lat' dir='ltr'>omniuo</span> <span class='ocrx_word' id='word_1_106' title='bbox 865 1681 894 1738; x_wconf 91' lang='lat' dir='ltr'>iu</span> <span class='ocrx_word' id='word_1_107' title='bbox 913 1681 974 1738; x_wconf 86' lang='lat' dir='ltr'>uilo</span> 
     </span>
     <span class='ocr_line' id='line_1_16' title="bbox 148 1763 973 1851; baseline 0.002 -19"><span class='ocrx_word' id='word_1_108' title='bbox 148 1778 180 1833; x_wconf 77' lang='lat'>15</span> <span class='ocrx_word' id='word_1_109' title='bbox 193 1763 298 1851; x_wconf 74' lang='lat' dir='ltr'>genera</span> <span class='ocrx_word' id='word_1_110' title='bbox 324 1772 448 1832; x_wconf 87' lang='lat' dir='ltr'>dicendi.</span> <span class='ocrx_word' id='word_1_111' title='bbox 502 1773 534 1831; x_wconf 81' lang='lat' dir='ltr'>Si</span> <span class='ocrx_word' id='word_1_112' title='bbox 561 1793 628 1832; x_wconf 87' lang='lat' dir='ltr'>vero</span> <span class='ocrx_word' id='word_1_113' title='bbox 654 1786 828 1850; x_wconf 77' lang='lat' dir='ltr'>assequetur,</span> <span class='ocrx_word' id='word_1_114' title='bbox 851 1787 883 1834; x_wconf 91' lang='lat' dir='ltr'>ut</span> <span class='ocrx_word' id='word_1_115' title='bbox 907 1776 973 1834; x_wconf 88' lang='lat' dir='ltr'>talis</span> 
     </span>
     <span class='ocr_line' id='line_1_17' title="bbox 193 1869 972 1945; baseline 0.003 -17"><span class='ocrx_word' id='word_1_116' title='bbox 193 1869 331 1942; x_wconf 85' lang='lat' dir='ltr'>videatur,</span> <span class='ocrx_word' id='word_1_117' title='bbox 345 1869 457 1945; x_wconf 88' lang='lat' dir='ltr'>qualem</span> <span class='ocrx_word' id='word_1_118' title='bbox 471 1888 502 1927; x_wconf 88' lang='lat' dir='ltr'>se</span> <span class='ocrx_word' id='word_1_119' title='bbox 516 1869 605 1928; x_wconf 87' lang='lat' dir='ltr'>videri</span> <span class='ocrx_word' id='word_1_120' title='bbox 619 1870 695 1942; x_wconf 84' lang='lat' dir='ltr'>velit,</span> <span class='ocrx_word' id='word_1_121' title='bbox 709 1881 738 1928; x_wconf 84' lang='lat' dir='ltr'>et</span> <span class='ocrx_word' id='word_1_122' title='bbox 753 1871 861 1929; x_wconf 86' lang='lat' dir='ltr'>animos</span> <span class='ocrx_word' id='word_1_123' title='bbox 874 1883 972 1930; x_wconf 85' lang='lat' dir='ltr'>eorum</span> 
     </span>
     <span class='ocr_line' id='line_1_18' title="bbox 193 1965 974 2044; baseline 0 -20"><span class='ocrx_word' id='word_1_124' title='bbox 193 1965 234 2028; x_wconf 78' lang='lat' dir='ltr'>ita</span> <span class='ocrx_word' id='word_1_125' title='bbox 255 1966 369 2037; x_wconf 86' lang='lat' dir='ltr'>afficiat,</span> <span class='ocrx_word' id='word_1_126' title='bbox 385 1966 459 2042; x_wconf 94' lang='lat' dir='ltr'>apud</span> <span class='ocrx_word' id='word_1_127' title='bbox 479 1984 551 2042; x_wconf 92' lang='lat' dir='ltr'>quos</span> <span class='ocrx_word' id='word_1_128' title='bbox 572 1976 646 2044; x_wconf 82' lang='lat' dir='ltr'>aget,</span> <span class='ocrx_word' id='word_1_129' title='bbox 667 1977 699 2025; x_wconf 90' lang='lat' dir='ltr'>ut</span> <span class='ocrx_word' id='word_1_130' title='bbox 718 1987 778 2039; x_wconf 82' lang='lat' dir='ltr'>eos,</span> <span class='ocrx_word' id='word_1_131' title='bbox 792 1986 974 2042; x_wconf 88' lang='lat' dir='ltr'>quocumque</span> 
     </span>
    </p>
   </div>
   <div class='ocr_carea' id='block_1_7' title="bbox 193 2062 1078 2139">
    <p class='ocr_par' dir='ltr' id='par_1_7' title="bbox 193 2062 1078 2139">
     <span class='ocr_line' id='line_1_19' title="bbox 193 2062 1078 2139; baseline 0.001 -19"><span class='ocrx_word' id='word_1_132' title='bbox 193 2063 270 2134; x_wconf 78' lang='lat' dir='ltr'>sciit,</span> <span class='ocrx_word' id='word_1_133' title='bbox 284 2063 327 2120; x_wconf 82' lang='lat' dir='ltr'>vel</span> <span class='ocrx_word' id='word_1_134' title='bbox 342 2062 454 2120; x_wconf 77' lang='lat' dir='ltr'>trahere</span> <span class='ocrx_word' id='word_1_135' title='bbox 468 2063 511 2120; x_wconf 86' lang='lat' dir='ltr'>vel</span> <span class='ocrx_word' id='word_1_136' title='bbox 525 2082 625 2139; x_wconf 90' lang='lat' dir='ltr'>rapere</span> <span class='ocrx_word' id='word_1_137' title='bbox 637 2064 742 2139; x_wconf 89' lang='lat' dir='ltr'>possit;</span> <span class='ocrx_word' id='word_1_138' title='bbox 763 2064 832 2121; x_wconf 87' lang='lat' dir='ltr'>nihil</span> <span class='ocrx_word' id='word_1_139' title='bbox 846 2063 974 2138; x_wconf 81' lang='lat' dir='ltr'>profecto</span> <span class='ocrx_word' id='word_1_140' title='bbox 1077 2072 1078 2079; x_wconf 77' lang='grc'>’</span> 
     </span>
    </p>
   </div>
   <div class='ocr_carea' id='block_1_8' title="bbox 148 2160 974 3099">
    <p class='ocr_par' dir='ltr' id='par_1_8' title="bbox 148 2160 974 3099">
     <span class='ocr_line' id='line_1_20' title="bbox 192 2160 974 2236; baseline -0.003 -18"><span class='ocrx_word' id='word_1_141' title='bbox 192 2170 330 2236; x_wconf 80' lang='lat' dir='ltr'>preterea</span> <span class='ocrx_word' id='word_1_142' title='bbox 343 2161 378 2218; x_wconf 88' lang='lat' dir='ltr'>ad</span> <span class='ocrx_word' id='word_1_143' title='bbox 392 2160 547 2218; x_wconf 91' lang='lat' dir='ltr'>dicendum</span> <span class='ocrx_word' id='word_1_144' title='bbox 561 2160 694 2236; x_wconf 86' lang='lat' dir='ltr'>requiret.</span> <span class='ocrx_word' id='word_1_145' title='bbox 734 2160 753 2217; x_wconf 85' lang='lat' dir='ltr'>J</span> <span class='ocrx_word' id='word_1_146' title='bbox 755 2179 799 2218; x_wconf 87' lang='lat' dir='ltr'>am</span> <span class='ocrx_word' id='word_1_147' title='bbox 814 2160 882 2236; x_wconf 86' lang='lat' dir='ltr'>iilud</span> <span class='ocrx_word' id='word_1_148' title='bbox 898 2160 974 2216; x_wconf 82' lang='lat' dir='ltr'>aide-</span> 
     </span>
     <span class='ocr_line' id='line_1_21' title="bbox 148 2256 973 2332; baseline 0 -18"><span class='ocrx_word' id='word_1_149' title='bbox 148 2263 180 2314; x_wconf 65' lang='lat'>2]</span> <span class='ocrx_word' id='word_1_150' title='bbox 195 2275 258 2314; x_wconf 91' lang='lat' dir='ltr'>mus</span> <span class='ocrx_word' id='word_1_151' title='bbox 277 2256 456 2331; x_wconf 75' lang='lat' dir='ltr'>nequiquam</span> <span class='ocrx_word' id='word_1_152' title='bbox 476 2256 545 2313; x_wconf 87' lang='lat' dir='ltr'>satis</span> <span class='ocrx_word' id='word_1_153' title='bbox 564 2275 637 2327; x_wconf 90' lang='lat' dir='ltr'>esse,</span> <span class='ocrx_word' id='word_1_154' title='bbox 651 2257 775 2331; x_wconf 86' lang='lat' dir='ltr'>reperire</span> <span class='ocrx_word' id='word_1_155' title='bbox 794 2257 862 2332; x_wconf 89' lang='lat' dir='ltr'>quid</span> <span class='ocrx_word' id='word_1_156' title='bbox 882 2257 973 2327; x_wconf 87' lang='lat' dir='ltr'>dicas,</span> 
     </span>
     <span class='ocr_line' id='line_1_22' title="bbox 194 2350 973 2428; baseline 0 -20"><span class='ocrx_word' id='word_1_157' title='bbox 194 2351 250 2408; x_wconf 89' lang='lat' dir='ltr'>nisi</span> <span class='ocrx_word' id='word_1_158' title='bbox 278 2350 307 2408; x_wconf 93' lang='lat' dir='ltr'>id</span> <span class='ocrx_word' id='word_1_159' title='bbox 334 2351 479 2409; x_wconf 83' lang='lat' dir='ltr'>inventum</span> <span class='ocrx_word' id='word_1_160' title='bbox 513 2361 637 2409; x_wconf 85' lang='lat' dir='ltr'>tractare</span> <span class='ocrx_word' id='word_1_161' title='bbox 669 2352 768 2428; x_wconf 85' lang='lat' dir='ltr'>possis.</span> <span class='ocrx_word' id='word_1_162' title='bbox 822 2351 973 2410; x_wconf 79' lang='lat' dir='ltr'>Tractatio</span> 
     </span>
     <span class='ocr_line' id='line_1_23' title="bbox 196 2447 971 2524; baseline 0 -20"><span class='ocrx_word' id='word_1_163' title='bbox 196 2457 289 2504; x_wconf 88' lang='lat' dir='ltr'>autem</span> <span class='ocrx_word' id='word_1_164' title='bbox 304 2447 381 2504; x_wconf 85' lang='lat' dir='ltr'>varia</span> <span class='ocrx_word' id='word_1_165' title='bbox 401 2466 463 2504; x_wconf 88' lang='lat' dir='ltr'>esse</span> <span class='ocrx_word' id='word_1_166' title='bbox 483 2447 578 2518; x_wconf 90' lang='lat' dir='ltr'>debet,</span> <span class='ocrx_word' id='word_1_167' title='bbox 592 2467 629 2505; x_wconf 88' lang='lat' dir='ltr'>ne</span> <span class='ocrx_word' id='word_1_168' title='bbox 643 2459 691 2506; x_wconf 87' lang='lat' dir='ltr'>aut</span> <span class='ocrx_word' id='word_1_169' title='bbox 704 2459 860 2524; x_wconf 83' lang='lat' dir='ltr'>cognoscat</span> <span class='ocrx_word' id='word_1_170' title='bbox 874 2464 971 2520; x_wconf 86' lang='lat' dir='ltr'>artem,</span> 
     </span>
     <span class='ocr_line' id='line_1_24' title="bbox 195 2541 971 2620; baseline 0.006 -22"><span class='ocrx_word' id='word_1_171' title='bbox 195 2542 244 2616; x_wconf 92' lang='lat' dir='ltr'>qui</span> <span class='ocrx_word' id='word_1_172' title='bbox 259 2541 364 2612; x_wconf 90' lang='lat' dir='ltr'>audiat,</span> <span class='ocrx_word' id='word_1_173' title='bbox 380 2553 427 2599; x_wconf 87' lang='lat' dir='ltr'>aut</span> <span class='ocrx_word' id='word_1_174' title='bbox 441 2543 611 2620; x_wconf 80' lang='lat' dir='ltr'>defatigetur</span> <span class='ocrx_word' id='word_1_175' title='bbox 627 2544 820 2600; x_wconf 88' lang='lat' dir='ltr'>similitudinis</span> <span class='ocrx_word' id='word_1_176' title='bbox 831 2545 971 2603; x_wconf 82' lang='lat' dir='ltr'>satietate.</span> 
     </span>
     <span class='ocr_line' id='line_1_25' title="bbox 195 2636 971 2714; baseline 0.003 -18"><span class='ocrx_word' id='word_1_177' title='bbox 195 2636 318 2712; x_wconf 90' lang='lat' dir='ltr'>Proponi</span> <span class='ocrx_word' id='word_1_178' title='bbox 332 2648 452 2713; x_wconf 87' lang='lat' dir='ltr'>oportet,</span> <span class='ocrx_word' id='word_1_179' title='bbox 467 2638 535 2712; x_wconf 91' lang='lat' dir='ltr'>quid</span> <span class='ocrx_word' id='word_1_180' title='bbox 555 2639 664 2709; x_wconf 83' lang='lat' dir='ltr'>afferas,</span> <span class='ocrx_word' id='word_1_181' title='bbox 677 2650 715 2711; x_wconf 90' lang='lat' dir='ltr'>et,</span> <span class='ocrx_word' id='word_1_182' title='bbox 731 2639 758 2696; x_wconf 95' lang='lat' dir='ltr'>id</span> <span class='ocrx_word' id='word_1_183' title='bbox 773 2659 860 2714; x_wconf 87' lang='lat' dir='ltr'>quare</span> <span class='ocrx_word' id='word_1_184' title='bbox 873 2641 912 2698; x_wconf 87' lang='lat' dir='ltr'>ita</span> <span class='ocrx_word' id='word_1_185' title='bbox 925 2641 971 2710; x_wconf 90' lang='lat' dir='ltr'>sit,</span> 
     </span>
     <span class='ocr_line' id='line_1_26' title="bbox 149 2734 972 2802; baseline 0.001 -10"><span class='ocrx_word' id='word_1_186' title='bbox 149 2747 181 2798; x_wconf 73' lang='lat'>25</span> <span class='ocrx_word' id='word_1_187' title='bbox 195 2735 360 2802; x_wconf 83' lang='lat' dir='ltr'>ostendere;</span> <span class='ocrx_word' id='word_1_188' title='bbox 388 2743 418 2791; x_wconf 92' lang='lat' dir='ltr'>et</span> <span class='ocrx_word' id='word_1_189' title='bbox 437 2734 538 2792; x_wconf 87' lang='lat' dir='ltr'>iisdem</span> <span class='ocrx_word' id='word_1_190' title='bbox 558 2735 615 2793; x_wconf 86' lang='lat' dir='ltr'>illis</span> <span class='ocrx_word' id='word_1_191' title='bbox 639 2735 712 2792; x_wconf 87' lang='lat' dir='ltr'>locis</span> <span class='ocrx_word' id='word_1_192' title='bbox 739 2735 879 2793; x_wconf 89' lang='lat' dir='ltr'>interdum</span> <span class='ocrx_word' id='word_1_193' title='bbox 905 2755 972 2793; x_wconf 88' lang='lat' dir='ltr'>con·</span> 
     </span>
     <span class='ocr_line' id='line_1_27' title="bbox 195 2829 972 2907; baseline 0 -19"><span class='ocrx_word' id='word_1_194' title='bbox 195 2830 321 2901; x_wconf 88' lang='lat' dir='ltr'>cludere,</span> <span class='ocrx_word' id='word_1_195' title='bbox 335 2829 495 2904; x_wconf 89' lang='lat' dir='ltr'>relinquere</span> <span class='ocrx_word' id='word_1_196' title='bbox 516 2829 594 2900; x_wconf 87' lang='lat' dir='ltr'>alias,</span> <span class='ocrx_word' id='word_1_197' title='bbox 609 2830 722 2905; x_wconf 87' lang='lat' dir='ltr'>alioque</span> <span class='ocrx_word' id='word_1_198' title='bbox 740 2831 876 2890; x_wconf 88' lang='lat' dir='ltr'>transire:</span> <span class='ocrx_word' id='word_1_199' title='bbox 898 2851 972 2907; x_wconf 81' lang='lat' dir='ltr'>saepe</span> 
     </span>
     <span class='ocr_line' id='line_1_28' title="bbox 194 2925 971 3002; baseline 0.001 -19"><span class='ocrx_word' id='word_1_200' title='bbox 194 2944 253 2984; x_wconf 90' lang='lat' dir='ltr'>nou</span> <span class='ocrx_word' id='word_1_201' title='bbox 272 2944 440 3002; x_wconf 84' lang='lat' dir='ltr'>proponere,</span> <span class='ocrx_word' id='word_1_202' title='bbox 461 2943 504 2995; x_wconf 87' lang='lat' dir='ltr'>ac,</span> <span class='ocrx_word' id='word_1_203' title='bbox 524 2925 636 2982; x_wconf 85' lang='lat' dir='ltr'>ratione</span> <span class='ocrx_word' id='word_1_204' title='bbox 655 2925 716 3001; x_wconf 68' lang='lat' dir='ltr'>ipsa</span> <span class='ocrx_word' id='word_1_205' title='bbox 737 2927 889 2999; x_wconf 63' lang='lat' dir='ltr'>afferendi,</span> <span class='ocrx_word' id='word_1_206' title='bbox 903 2927 971 3002; x_wconf 88' lang='lat' dir='ltr'>quid</span> 
     </span>
     <span class='ocr_line' id='line_1_29' title="bbox 193 3017 971 3099; baseline 0.004 -20"><span class='ocrx_word' id='word_1_207' title='bbox 193 3021 410 3098; x_wconf 85' lang='lat' dir='ltr'>proponendum</span> <span class='ocrx_word' id='word_1_208' title='bbox 444 3019 538 3092; x_wconf 80' lang='lat' dir='ltr'>fuerit,</span> <span class='ocrx_word' id='word_1_209' title='bbox 570 3017 732 3080; x_wconf 78' lang='lat' dir='ltr'>declarare:</span> <span class='ocrx_word' id='word_1_210' title='bbox 765 3023 790 3080; x_wconf 92' lang='lat' dir='ltr'>si</span> <span class='ocrx_word' id='word_1_211' title='bbox 822 3023 870 3080; x_wconf 88' lang='lat' dir='ltr'>cui</span> <span class='ocrx_word' id='word_1_212' title='bbox 903 3023 971 3099; x_wconf 85' lang='lat' dir='ltr'>quid</span> 
     </span>
    </p>
   </div>
   <div class='ocr_carea' id='block_1_9' title="bbox 0 0 1088 3567">
    <p class='ocr_par' dir='ltr' id='par_1_9' title="bbox 0 0 1088 3567">
     <span class='ocr_line' id='line_1_30' title="bbox 0 0 1088 3567; baseline 0 1"><span class='ocrx_word' id='word_1_213' title='bbox 0 0 1088 3567; x_wconf 95' lang='lat' dir='ltr'> </span> 
     </span>
    </p>
   </div>
  </div>
 </body>
</html>
