2167 3567
140 304 181 362 56
442 314 502 361 ou
525 314 688 362 oaauous.
900 297 977 373 [ω’

185 460 445 537 quantulacumque
477 473 529 534 est,
559 463 694 521 facultate
720 461 855 537 queritis,
883 479 971 537 expo·

185 576 251 615 narn
266 558 346 615 vobis
358 558 510 632 quandam,
526 578 584 617 non
599 570 648 617 aut
666 558 905 634 perreconditam,
921 568 971 615 aut

185 653 266 711 valde
293 654 448 726 difficilem,
477 665 525 713 aut
552 656 743 732 magnificam,
774 664 822 711 aut
853 672 970 731 gravem

185 750 324 808 rationem
345 751 561 809 consuetudinis
581 770 660 823 mee,
675 752 732 826 qut
745 750 889 825 quondam
903 749 971 807 soli·

155 856 231 905 otus
254 864 317 902 sum
341 846 392 916 uti,
417 865 483 905 euro
510 848 580 906 mihi
603 847 633 904 iu
657 847 713 905 isto
739 847 835 904 studio
861 845 970 902 versari

186 940 361 1000 adolescenti
381 942 494 1023 licetret.
536 944 615 1001 Tum
642 944 798 1019 Sulpicius,
826 942 854 1000 Ο
879 942 969 1013 diem,

186 1036 281 1109 Cotta,
297 1038 387 1109 nobis,
403 1039 504 1114 inquit,
519 1041 661 1115 optatum!
682 1040 759 1114 quod
778 1040 854 1097 enim
873 1056 971 1112 neque

184 1134 318 1209 precibus
339 1153 472 1211 unquam,
486 1154 542 1193 nec
562 1136 734 1205 insidiando,
749 1154 804 1192 nee
819 1134 972 1211 speculan·

186 1230 223 1290 do
256 1231 367 1305 assequi
399 1231 491 1305 potui,
525 1241 567 1302 ut,
601 1231 670 1307 quid
704 1231 825 1288 Crassus
859 1241 970 1307 ageret,

140 1342 172 1391 10
187 1328 342 1385 meditandi
364 1338 412 1385 aut
431 1327 549 1384 dicendi
568 1328 667 1396 causti,
687 1346 745 1383 non
764 1326 850 1383 modo
870 1327 970 1383 videre

186 1423 266 1494 mihi,
288 1423 337 1481 sed
359 1442 395 1481 ex
420 1422 482 1499 ejus
509 1423 648 1498 scriptore
668 1433 697 1479 et
715 1422 823 1479 lectore
850 1421 972 1497 Diphilo

186 1518 324 1594 suspirari
350 1519 467 1587 lioeret3
503 1517 532 1575 id
559 1536 642 1593 spero
668 1538 722 1575 nos
748 1537 812 1576 esse
840 1519 970 1594 adeptos,

186 1615 337 1690 omniaque
354 1615 413 1692 jam
432 1634 468 1673 ex
486 1614 558 1690 ipso,
572 1633 636 1689 que
649 1614 699 1671 diu
714 1614 855 1691 cupimus,
870 1614 973 1692 cogni·

185 1721 273 1771 turos.

100 1904 114 1919 ³
141 1914 172 1963 15
225 1902 341 1961 XXXI.
369 1902 447 1961 Tum
474 1903 606 1974 Crassus,
630 1904 720 1978 Atqui
747 1905 876 1977 arbitror,
904 1905 971 1963 Sul·

186 1998 254 2075 piei,
276 2018 341 2057 oum
363 2000 497 2071 audieris,
518 2019 577 2057 non
600 2012 658 2059 tum
679 2011 707 2057 te
728 2002 790 2059 heo
817 2002 971 2059 admiratu-

186 2115 258 2167 rum,
286 2114 349 2171 quas
382 2096 491 2168 dixero,
518 2116 603 2171 quam
631 2097 868 2168 existimaturum,
894 2108 970 2170 tum,

187 2212 252 2251 cum
273 2210 308 2251 ea
328 2193 425 2251 audire
446 2193 592 2268 cupiebas,
613 2211 739 2263 causum,
760 2212 811 2249 eur
837 2211 969 2268 cuperes,

186 2308 242 2349 non
272 2289 368 2348 fuisse.
421 2288 502 2347 Nihil
536 2289 613 2345 enim
646 2288 742 2345 dicam
776 2288 969 2361 reconditum,

140 2396 173 2445 au
187 2385 257 2442 nihil
290 2385 503 2460 exspectatione
533 2384 627 2441 vestri
658 2384 787 2460 dignum,
815 2384 885 2441 nihil
919 2396 970 2441 aut

187 2478 346 2537 inauditum
372 2480 462 2550 vobis,
491 2489 539 2537 aut
565 2479 698 2554 cuiquam
725 2480 859 2537 uorum.'
890 2478 969 2537 Nam

186 2575 328 2652 principio
349 2576 429 2646 illud,
450 2576 527 2650 quod
546 2586 591 2633 est
611 2576 727 2633 homine
753 2576 880 2652 ingenuo
899 2576 970 2633 libe-

188 2672 339 2746 taliterque
359 2672 482 2729 educato
501 2671 630 2747 dignum,
645 2690 704 2729 uon
724 2673 836 2748 negabo
854 2672 970 2731 meista

187 2768 315 2826 omnium
343 2767 507 2825 eommunia
528 2777 558 2825 et
580 2768 704 2825 contrita
727 2778 871 2843 precepta
896 2767 970 2826 didi·

142 2878 174 2929 ὅ
188 2865 278 2923 oisse:
298 2864 430 2939 primum,
445 2863 564 2921 oratoris
583 2863 708 2921 officium
729 2882 801 2934 esse,
817 2862 914 2921 dicere
932 2864 969 2921 ad

187 2960 414 3036 persuadendum
435 2959 669 3017 accommodate:
693 2958 807 3030 deiude,
827 2977 890 3015 esse
910 2977 970 3017 om·

188 3074 254 3115 uem
277 3056 434 3117 orationem
461 3065 508 3115 aut
530 3055 568 3113 de
590 3054 708 3113 infinita
733 3053 776 3113 rei
802 3052 969 3130 questione,
