2167 3567
97 310 168 372 na]
384 309 427 357 nn
448 266 613 362 ommno
894 294 936 356 dt

9 514 10 529 ,
96 458 230 532 historia,
246 457 375 516 omnium
396 458 534 517 bonamm
557 458 659 516 artium
679 456 834 534 scriptores
853 472 889 515 ac

96 555 235 613 doctores
255 565 284 616 et
304 555 429 632 legendi,
444 564 472 613 et
488 554 696 631 pervolutandi,
709 565 739 612 et
752 552 890 612 exercita·

97 652 188 709 tionis
209 652 299 709 oausd
319 651 465 723 laudandi,
484 651 700 727 interpretandi,
715 650 888 727 corrigendi,

96 748 293 823 vituperandi,
310 748 474 818 refellendi3
495 748 755 823 disputandumque
774 749 811 805 de
829 766 890 805 om·

96 844 128 901 ni
149 863 183 901 re
203 844 235 901 iu
248 835 415 906 ¹contrarias
441 854 547 920 partes,
568 854 607 914 et,
627 843 764 919 quidquid
784 843 919 901 eritius

97 942 215 1015 quique
230 960 272 1010 re,
286 939 362 1015 qnod
383 940 530 1016 probabile
544 939 635 997 videri
654 939 755 1015 possit,
771 940 890 997 elicien-

97 1038 168 1094 dum
184 1048 271 1111 atque
285 1038 447 1095 dicendum.
487 1035 713 1093 Perdiscendum
731 1036 778 1112 jus
794 1037 888 1108 civile,

97 1132 314 1210 cognoscendae
335 1132 424 1209 leges,
444 1132 631 1208 percipienda
649 1133 746 1189 omnis
769 1133 890 1207 antiqui·

96 1242 153 1300 tas,
169 1229 316 1285 senatoria
335 1228 524 1299 consuetudo,
541 1229 694 1304 disciplina
713 1227 888 1304 reipublicae,

95 1324 163 1401 jura
183 1324 339 1395 sociorum,
354 1324 470 1397 soederu,
490 1324 649 1399 pactiones,
670 1343 759 1382 causa
778 1324 889 1400 imperii
905 1329 936 1383 1⁰

100 1420 307 1497 cognoscenda
326 1430 385 1478 est:
406 1420 539 1479 libandus
559 1421 645 1477 ctiam
658 1420 786 1477 exomni
805 1439 890 1497 gena-

9 1516 10 1543 *
99 1535 131 1573 re
160 1516 331 1574 urbanitatis
358 1516 524 1574 facetiarum
553 1516 671 1592 quidam
703 1517 794 1592 lepos,
821 1535 887 1593 quo,

9 1676 10 1699 ¹
100 1623 238 1688 tanquam
259 1613 328 1683 sule,
349 1623 548 1689 perspergatur
571 1613 665 1671 omnis
685 1614 786 1672 oratic.
840 1612 890 1671 Es-

101 1708 162 1765 sndi
178 1708 259 1765 vobis
279 1708 385 1779 omnia,
400 1726 462 1783 quas
482 1709 650 1779 sentiebam,
671 1728 734 1783 quae
759 1709 888 1782 fortasse,

101 1822 313 1879 quemcumque
333 1803 566 1879 patremfamilias
587 1804 777 1880 arripuissatis
790 1824 827 1862 ex
841 1805 891 1863 uli·
906 1816 936 1865 15

9 1962 10 1989 ,
101 1918 160 1975 quo
175 1900 296 1972 circulo,
311 1900 411 1959 eadem
425 1899 506 1957 vobis
524 1901 760 1977 percontantibus
775 1920 891 1978 respou-

101 1995 200 2054 disset.

142 2187 272 2246 XXXV.
295 2186 368 2245 Haec
382 2206 447 2245 cum
467 2187 590 2245 Crassus
603 2188 730 2258 dixisset,
745 2188 890 2246 silentium

103 2294 146 2341 est
167 2293 365 2341 consecutum.
417 2284 475 2341 Sed
495 2304 655 2359 quanquam
683 2284 753 2341 satis
775 2285 820 2355 iis,
841 2284 890 2359 qui

104 2381 232 2449 aderant,
252 2378 295 2439 ‚ad
324 2379 353 2435 id
380 2381 454 2455 quod
482 2391 544 2437 erat
569 2380 756 2455 propositum,
780 2382 889 2438 dictum
905 2394 938 2443 m

103 2476 262 2546 videbatur,
278 2486 372 2533 tamen
394 2476 556 2533 sentiebant
576 2476 699 2533 celerius
712 2496 775 2534 esse
789 2478 889 2550 multo,

103 2593 189 2649 quam
224 2574 279 2649 ipsi
312 2574 425 2645 vellent,
455 2574 489 2631 ab
517 2594 552 2631 oo
584 2586 756 2651 peroratum.
810 2576 890 2634 Tum

103 2670 244 2740 Scaevola,
259 2669 341 2731 Quid
361 2680 413 2741 est,
429 2670 534 2728 Cottal
555 2670 657 2745 inquit,
678 2672 745 2747 qnid
767 2674 890 2731 tacetial

103 2754 309 2824 nihilne'vobis
330 2766 359 2822 in
380 2776 505 2823 mentem
525 2766 613 2837 veuit,
628 2768 703 2843 quod
723 2781 891 2844 prateraaa

104 2863 211 2920 Crasso
225 2862 397 2936 requiratisl
447 2861 540 2920 Immo
555 2862 584 2919 id
599 2864 772 2935 mehercule,
788 2865 889 2939 inquit,
904 2878 937 2927 25

96 2960 196 3035 ‘ipsum
223 2959 356 3015 attendo:
383 2968 480 3015 tantus
506 2958 584 3015 enim
611 2979 712 3017 cursus
739 2961 890 3018 verborum

103 3056 167 3130 luit,
192 3066 222 3115 et
245 3054 289 3113 sic
312 3054 435 3114 evolavit
458 3055 562 3129 oratio,
586 3067 618 3114 nt
639 3056 702 3134 ejus
725 3056 781 3115 rim
806 3068 890 3133 atqua
