<?xml version="1.0" encoding="UTF-8"?>
<!DOCTYPE html PUBLIC "-//W3C//DTD XHTML 1.0 Transitional//EN"
    "http://www.w3.org/TR/xhtml1/DTD/xhtml1-transitional.dtd">
<html xmlns="http://www.w3.org/1999/xhtml" xml:lang="en" lang="en">
 <head>
  <title>
</title>
<meta http-equiv="Content-Type" content="text/html;charset=utf-8" />
  <meta name='ocr-system' content='tesseract 3.04.00' />
  <meta name='ocr-capabilities' content='ocr_page ocr_carea ocr_par ocr_line ocrx_word'/>
</head>
<body>
  <div class='ocr_page' id='page_1' title='image "./mtciceronisadqu01dillgoog_0042.png"; bbox 0 0 2167 3567; ppageno 0'>
   <div class='ocr_carea' id='block_1_1' title="bbox 483 318 997 377">
    <p class='ocr_par' dir='ltr' id='par_1_1' title="bbox 483 318 997 377">
     <span class='ocr_line' id='line_1_1' title="bbox 483 318 997 377; baseline -0.002 -12"><span class='ocrx_word' id='word_1_1' title='bbox 483 318 526 365; x_wconf 83' lang='lat' dir='ltr'>nn</span> <span class='ocrx_word' id='word_1_2' title='bbox 548 318 711 367; x_wconf 77' lang='lat' dir='ltr'>omnonn.</span> <span class='ocrx_word' id='word_1_3' title='bbox 921 318 962 377; x_wconf 74' lang='lat' dir='ltr'>[a.</span> <span class='ocrx_word' id='word_1_4' title='bbox 974 318 997 365; x_wconf 90' lang='lat'>1.</span> 
     </span>
    </p>
   </div>
   <div class='ocr_carea' id='block_1_2' title="bbox 160 464 997 3040">
    <p class='ocr_par' dir='ltr' id='par_1_2' title="bbox 160 464 997 3040">
     <span class='ocr_line' id='line_1_2' title="bbox 208 464 997 541; baseline -0.003 -16"><span class='ocrx_word' id='word_1_5' title='bbox 208 484 313 539; x_wconf 85' lang='lat' dir='ltr'>rerum,</span> <span class='ocrx_word' id='word_1_6' title='bbox 329 476 377 524; x_wconf 83' lang='lat' dir='ltr'>eut</span> <span class='ocrx_word' id='word_1_7' title='bbox 396 466 435 523; x_wconf 84' lang='lat' dir='ltr'>do</span> <span class='ocrx_word' id='word_1_8' title='bbox 454 467 586 525; x_wconf 90' lang='lat' dir='ltr'>humanis</span> <span class='ocrx_word' id='word_1_9' title='bbox 605 468 692 525; x_wconf 84' lang='lat' dir='ltr'>rebus</span> <span class='ocrx_word' id='word_1_10' title='bbox 714 466 874 541; x_wconf 86' lang='lat' dir='ltr'>loquantur.</span> <span class='ocrx_word' id='word_1_11' title='bbox 915 464 997 523; x_wconf 92' lang='lat' dir='ltr'>Niti-</span> 
     </span>
     <span class='ocr_line' id='line_1_3' title="bbox 207 561 994 641; baseline -0.003 -21"><span class='ocrx_word' id='word_1_12' title='bbox 207 563 276 621; x_wconf 89' lang='lat' dir='ltr'>dum</span> <span class='ocrx_word' id='word_1_13' title='bbox 302 564 444 639; x_wconf 79' lang='lat' dir='ltr'>quoddam</span> <span class='ocrx_word' id='word_1_14' title='bbox 471 583 562 641; x_wconf 85' lang='lat' dir='ltr'>genus</span> <span class='ocrx_word' id='word_1_15' title='bbox 588 574 632 621; x_wconf 88' lang='lat' dir='ltr'>est</span> <span class='ocrx_word' id='word_1_16' title='bbox 657 564 808 621; x_wconf 81' lang='lat' dir='ltr'>verborum</span> <span class='ocrx_word' id='word_1_17' title='bbox 830 572 860 619; x_wconf 83' lang='lat' dir='ltr'>et</span> <span class='ocrx_word' id='word_1_18' title='bbox 882 561 994 633; x_wconf 71' lang='lat' dir='ltr'>latum,</span> 
     </span>
     <span class='ocr_line' id='line_1_4' title="bbox 207 658 994 737; baseline -0.004 -20"><span class='ocrx_word' id='word_1_19' title='bbox 207 660 258 717; x_wconf 92' lang='lat' dir='ltr'>sed</span> <span class='ocrx_word' id='word_1_20' title='bbox 277 660 413 736; x_wconf 84' lang='lat' dir='ltr'>palaestrae</span> <span class='ocrx_word' id='word_1_21' title='bbox 434 660 526 737; x_wconf 82' lang='lat' dir='ltr'>magis</span> <span class='ocrx_word' id='word_1_22' title='bbox 545 670 575 717; x_wconf 88' lang='lat' dir='ltr'>et</span> <span class='ocrx_word' id='word_1_23' title='bbox 594 660 661 731; x_wconf 90' lang='lat' dir='ltr'>olei,</span> <span class='ocrx_word' id='word_1_24' title='bbox 682 678 767 734; x_wconf 87' lang='lat' dir='ltr'>quam</span> <span class='ocrx_word' id='word_1_25' title='bbox 787 659 870 735; x_wconf 85' lang='lat' dir='ltr'>hujus</span> <span class='ocrx_word' id='word_1_26' title='bbox 897 658 994 715; x_wconf 78' lang='lat' dir='ltr'>oisilis</span> 
     </span>
     <span class='ocr_line' id='line_1_5' title="bbox 207 756 995 833; baseline 0 -20"><span class='ocrx_word' id='word_1_27' title='bbox 207 758 297 815; x_wconf 79' lang='lat' dir='ltr'>turbae</span> <span class='ocrx_word' id='word_1_28' title='bbox 319 775 352 815; x_wconf 87' lang='lat' dir='ltr'>ao</span> <span class='ocrx_word' id='word_1_29' title='bbox 373 757 434 815; x_wconf 84' lang='lat' dir='ltr'>fori.</span> <span class='ocrx_word' id='word_1_30' title='bbox 476 756 611 832; x_wconf 88' lang='lat' dir='ltr'>Namque</span> <span class='ocrx_word' id='word_1_31' title='bbox 637 765 761 833; x_wconf 83' lang='lat' dir='ltr'>egomet,</span> <span class='ocrx_word' id='word_1_32' title='bbox 782 756 831 830; x_wconf 93' lang='lat' dir='ltr'>qui</span> <span class='ocrx_word' id='word_1_33' title='bbox 858 773 935 825; x_wconf 77' lang='lat' dir='ltr'>sero,</span> <span class='ocrx_word' id='word_1_34' title='bbox 955 774 995 813; x_wconf 76' lang='lat' dir='ltr'>uo</span> 
     </span>
     <span class='ocr_line' id='line_1_6' title="bbox 178 851 994 927; baseline -0.009 -14"><span class='ocrx_word' id='word_1_35' title='bbox 178 851 304 913; x_wconf 65' lang='lat' dir='ltr'>oleviter</span> <span class='ocrx_word' id='word_1_36' title='bbox 318 852 435 909; x_wconf 80' lang='lat' dir='ltr'>Graecas</span> <span class='ocrx_word' id='word_1_37' title='bbox 448 852 546 909; x_wconf 80' lang='lat' dir='ltr'><strong>literas</strong></span> <span class='ocrx_word' id='word_1_38' title='bbox 566 852 732 927; x_wconf 81' lang='lat' dir='ltr'>attigissem,</span> <span class='ocrx_word' id='word_1_39' title='bbox 747 862 843 908; x_wconf 89' lang='lat' dir='ltr'>tamen</span> <span class='ocrx_word' id='word_1_40' title='bbox 857 869 924 906; x_wconf 89' lang='lat' dir='ltr'>oum</span> <span class='ocrx_word' id='word_1_41' title='bbox 936 869 994 925; x_wconf 87' lang='lat' dir='ltr'>pro</span> 
     </span>
     <span class='ocr_line' id='line_1_7' title="bbox 207 946 994 1024; baseline -0.001 -20"><span class='ocrx_word' id='word_1_42' title='bbox 207 948 326 1005; x_wconf 86' lang='lat' dir='ltr'>oonsule</span> <span class='ocrx_word' id='word_1_43' title='bbox 347 947 377 1005; x_wconf 93' lang='lat' dir='ltr'>in</span> <span class='ocrx_word' id='word_1_44' title='bbox 397 947 531 1005; x_wconf 81' lang='lat' dir='ltr'><strong>Ciliciam</strong></span> <span class='ocrx_word' id='word_1_45' title='bbox 551 947 738 1024; x_wconf 77' lang='lat' dir='ltr'>proficiscens</span> <span class='ocrx_word' id='word_1_46' title='bbox 751 947 882 1004; x_wconf 80' lang='lat' dir='ltr'>Athenas</span> <span class='ocrx_word' id='word_1_47' title='bbox 897 946 994 1003; x_wconf 87' lang='lat' dir='ltr'>venis·</span> 
     </span>
     <span class='ocr_line' id='line_1_8' title="bbox 207 1042 993 1120; baseline -0.003 -19"><span class='ocrx_word' id='word_1_48' title='bbox 207 1063 278 1116; x_wconf 85' lang='lat' dir='ltr'>sem,</span> <span class='ocrx_word' id='word_1_49' title='bbox 292 1045 452 1120; x_wconf 82' lang='lat' dir='ltr'>complures</span> <span class='ocrx_word' id='word_1_50' title='bbox 473 1055 533 1102; x_wconf 82' lang='lat' dir='ltr'>tum</span> <span class='ocrx_word' id='word_1_51' title='bbox 555 1044 595 1101; x_wconf 93' lang='lat' dir='ltr'>ibi</span> <span class='ocrx_word' id='word_1_52' title='bbox 615 1044 677 1101; x_wconf 86' lang='lat' dir='ltr'>dies</span> <span class='ocrx_word' id='word_1_53' title='bbox 697 1062 760 1101; x_wconf 91' lang='lat' dir='ltr'>sum</span> <span class='ocrx_word' id='word_1_54' title='bbox 779 1053 893 1119; x_wconf 82' lang='lat' dir='ltr'>propter</span> <span class='ocrx_word' id='word_1_55' title='bbox 911 1042 993 1099; x_wconf 85' lang='lat' dir='ltr'>navi·</span> 
     </span>
     <span class='ocr_line' id='line_1_9' title="bbox 205 1140 993 1218; baseline 0 -21"><span class='ocrx_word' id='word_1_56' title='bbox 205 1141 292 1218; x_wconf 83' lang='lat' dir='ltr'>gandi</span> <span class='ocrx_word' id='word_1_57' title='bbox 312 1141 510 1199; x_wconf 77' lang='lat' dir='ltr'>difficultatem</span> <span class='ocrx_word' id='word_1_58' title='bbox 530 1150 739 1197; x_wconf 75' lang='lat' dir='ltr'>commoratus:</span> <span class='ocrx_word' id='word_1_59' title='bbox 760 1140 820 1209; x_wconf 87' lang='lat' dir='ltr'>sed,</span> <span class='ocrx_word' id='word_1_60' title='bbox 835 1158 900 1196; x_wconf 92' lang='lat' dir='ltr'>oum</span> <span class='ocrx_word' id='word_1_61' title='bbox 921 1158 993 1213; x_wconf 91' lang='lat' dir='ltr'>quo·</span> 
     </span>
     <span class='ocr_line' id='line_1_10' title="bbox 206 1235 992 1305; baseline -0.003 -12"><span class='ocrx_word' id='word_1_62' title='bbox 206 1238 276 1294; x_wconf 89' lang='lat' dir='ltr'>tidie</span> <span class='ocrx_word' id='word_1_63' title='bbox 296 1256 409 1297; x_wconf 86' lang='lat' dir='ltr'>meeum</span> <span class='ocrx_word' id='word_1_64' title='bbox 430 1237 565 1294; x_wconf 85' lang='lat' dir='ltr'>haberem</span> <span class='ocrx_word' id='word_1_65' title='bbox 585 1236 714 1294; x_wconf 87' lang='lat' dir='ltr'>homines</span> <span class='ocrx_word' id='word_1_66' title='bbox 733 1235 923 1305; x_wconf 82' lang='lat' dir='ltr'>doctissimos,</span> <span class='ocrx_word' id='word_1_67' title='bbox 937 1254 992 1292; x_wconf 90' lang='lat' dir='ltr'>eos</span> 
     </span>
     <span class='ocr_line' id='line_1_11' title="bbox 163 1330 992 1409; baseline -0.005 -18"><span class='ocrx_word' id='word_1_68' title='bbox 163 1330 193 1381; x_wconf 83' lang='lat'>1⁰</span> <span class='ocrx_word' id='word_1_69' title='bbox 207 1334 265 1391; x_wconf 86' lang='lat' dir='ltr'>fere</span> <span class='ocrx_word' id='word_1_70' title='bbox 286 1334 363 1409; x_wconf 89' lang='lat' dir='ltr'>ipsos</span> <span class='ocrx_word' id='word_1_71' title='bbox 382 1333 431 1407; x_wconf 90' lang='lat' dir='ltr'>qui</span> <span class='ocrx_word' id='word_1_72' title='bbox 452 1334 544 1390; x_wconf 85' lang='lat' dir='ltr'>abste</span> <span class='ocrx_word' id='word_1_73' title='bbox 558 1333 643 1389; x_wconf 90' lang='lat' dir='ltr'>modo</span> <span class='ocrx_word' id='word_1_74' title='bbox 663 1343 730 1389; x_wconf 87' lang='lat' dir='ltr'>sunt</span> <span class='ocrx_word' id='word_1_75' title='bbox 743 1331 892 1402; x_wconf 85' lang='lat' dir='ltr'>nominati,</span> <span class='ocrx_word' id='word_1_76' title='bbox 909 1350 992 1388; x_wconf 88' lang='lat' dir='ltr'>cum·</span> 
     </span>
     <span class='ocr_line' id='line_1_12' title="bbox 206 1427 990 1504; baseline -0.004 -18"><span class='ocrx_word' id='word_1_77' title='bbox 206 1449 260 1504; x_wconf 90' lang='lat' dir='ltr'>que</span> <span class='ocrx_word' id='word_1_78' title='bbox 274 1430 340 1500; x_wconf 83' lang='lat' dir='ltr'>hoo,</span> <span class='ocrx_word' id='word_1_79' title='bbox 355 1429 454 1485; x_wconf 87' lang='lat' dir='ltr'>neseio</span> <span class='ocrx_word' id='word_1_80' title='bbox 468 1429 622 1503; x_wconf 91' lang='lat' dir='ltr'>quomodo,</span> <span class='ocrx_word' id='word_1_81' title='bbox 637 1428 712 1504; x_wconf 90' lang='lat' dir='ltr'>apud</span> <span class='ocrx_word' id='word_1_82' title='bbox 724 1446 775 1485; x_wconf 91' lang='lat' dir='ltr'>eos</span> <span class='ocrx_word' id='word_1_83' title='bbox 789 1427 990 1499; x_wconf 80' lang='lat' dir='ltr'>increbuisset,</span> 
     </span>
     <span class='ocr_line' id='line_1_13' title="bbox 204 1524 990 1600; baseline -0.001 -19"><span class='ocrx_word' id='word_1_84' title='bbox 204 1543 251 1581; x_wconf 88' lang='lat' dir='ltr'>me</span> <span class='ocrx_word' id='word_1_85' title='bbox 265 1525 295 1581; x_wconf 88' lang='lat' dir='ltr'>in</span> <span class='ocrx_word' id='word_1_86' title='bbox 309 1524 403 1583; x_wconf 81' lang='lat' dir='ltr'>nausis</span> <span class='ocrx_word' id='word_1_87' title='bbox 423 1525 587 1600; x_wconf 84' lang='lat' dir='ltr'>majoribus,</span> <span class='ocrx_word' id='word_1_88' title='bbox 601 1524 688 1582; x_wconf 79' lang='lat' dir='ltr'>sicuti</span> <span class='ocrx_word' id='word_1_89' title='bbox 707 1534 745 1594; x_wconf 82' lang='lat' dir='ltr'>te,</span> <span class='ocrx_word' id='word_1_90' title='bbox 760 1524 852 1580; x_wconf 86' lang='lat' dir='ltr'>solere</span> <span class='ocrx_word' id='word_1_91' title='bbox 871 1524 990 1595; x_wconf 84' lang='lat' dir='ltr'>versari,</span> 
     </span>
     <span class='ocr_line' id='line_1_14' title="bbox 204 1617 991 1695; baseline -0.005 -16"><span class='ocrx_word' id='word_1_92' title='bbox 204 1638 256 1695; x_wconf 88' lang='lat' dir='ltr'>pro</span> <span class='ocrx_word' id='word_1_93' title='bbox 277 1638 307 1677; x_wconf 87' lang='lat' dir='ltr'>se</span> <span class='ocrx_word' id='word_1_94' title='bbox 326 1619 456 1695; x_wconf 83' lang='lat' dir='ltr'>quisque,</span> <span class='ocrx_word' id='word_1_95' title='bbox 471 1628 503 1675; x_wconf 91' lang='lat' dir='ltr'>ut</span> <span class='ocrx_word' id='word_1_96' title='bbox 521 1628 641 1695; x_wconf 82' lang='lat' dir='ltr'>poterat,</span> <span class='ocrx_word' id='word_1_97' title='bbox 660 1617 696 1675; x_wconf 88' lang='lat' dir='ltr'>de</span> <span class='ocrx_word' id='word_1_98' title='bbox 715 1618 811 1675; x_wconf 83' lang='lat' dir='ltr'>officio</span> <span class='ocrx_word' id='word_1_99' title='bbox 830 1628 859 1675; x_wconf 90' lang='lat' dir='ltr'>et</span> <span class='ocrx_word' id='word_1_100' title='bbox 878 1618 991 1675; x_wconf 84' lang='lat' dir='ltr'>ratione</span> 
     </span>
     <span class='ocr_line' id='line_1_15' title="bbox 206 1714 991 1792; baseline -0.003 -19"><span class='ocrx_word' id='word_1_101' title='bbox 206 1715 325 1774; x_wconf 87' lang='lat' dir='ltr'>oratoris</span> <span class='ocrx_word' id='word_1_102' title='bbox 345 1716 514 1792; x_wconf 80' lang='lat' dir='ltr'>disputabat.</span> <span class='ocrx_word' id='word_1_103' title='bbox 556 1715 669 1772; x_wconf 86' lang='lat' dir='ltr'>Horum</span> <span class='ocrx_word' id='word_1_104' title='bbox 690 1714 749 1786; x_wconf 89' lang='lat' dir='ltr'><strong>alii,</strong></span> <span class='ocrx_word' id='word_1_105' title='bbox 762 1714 837 1771; x_wconf 81' lang='lat' dir='ltr'>sieut</span> <span class='ocrx_word' id='word_1_106' title='bbox 857 1715 911 1771; x_wconf 81' lang='lat' dir='ltr'>iste</span> <span class='ocrx_word' id='word_1_107' title='bbox 927 1714 991 1790; x_wconf 87' lang='lat' dir='ltr'>ipse</span> 
     </span>
     <span class='ocr_line' id='line_1_16' title="bbox 161 1811 992 1887; baseline -0.002 -18"><span class='ocrx_word' id='word_1_108' title='bbox 161 1815 192 1865; x_wconf 83' lang='lat'>15</span> <span class='ocrx_word' id='word_1_109' title='bbox 205 1811 405 1881; x_wconf 64' lang='lat' dir='ltr'>Mnesarchus</span> <span class='ocrx_word' id='word_1_110' title='bbox 425 1813 487 1883; x_wconf 91' lang='lat' dir='ltr'>hos,</span> <span class='ocrx_word' id='word_1_111' title='bbox 502 1831 573 1887; x_wconf 88' lang='lat' dir='ltr'>quos</span> <span class='ocrx_word' id='word_1_112' title='bbox 593 1831 650 1870; x_wconf 88' lang='lat' dir='ltr'>nos</span> <span class='ocrx_word' id='word_1_113' title='bbox 664 1823 791 1868; x_wconf 84' lang='lat' dir='ltr'>oratores</span> <span class='ocrx_word' id='word_1_114' title='bbox 811 1830 992 1883; x_wconf 80' lang='lat' dir='ltr'>vocaremus,</span> 
     </span>
     <span class='ocr_line' id='line_1_17' title="bbox 205 1906 990 1983; baseline -0.003 -18"><span class='ocrx_word' id='word_1_115' title='bbox 205 1908 277 1965; x_wconf 90' lang='lat' dir='ltr'><strong>nihil</strong></span> <span class='ocrx_word' id='word_1_116' title='bbox 292 1927 355 1965; x_wconf 87' lang='lat' dir='ltr'>esse</span> <span class='ocrx_word' id='word_1_117' title='bbox 369 1909 493 1979; x_wconf 83' lang='lat' dir='ltr'>dicebat,</span> <span class='ocrx_word' id='word_1_118' title='bbox 505 1908 562 1965; x_wconf 91' lang='lat' dir='ltr'>nisi</span> <span class='ocrx_word' id='word_1_119' title='bbox 573 1908 710 1983; x_wconf 88' lang='lat' dir='ltr'>quosdam</span> <span class='ocrx_word' id='word_1_120' title='bbox 724 1907 877 1983; x_wconf 83' lang='lat' dir='ltr'>operarios,</span> <span class='ocrx_word' id='word_1_121' title='bbox 888 1906 990 1983; x_wconf 72' lang='lat' dir='ltr'>linguai</span> 
     </span>
     <span class='ocr_line' id='line_1_18' title="bbox 206 2002 989 2077; baseline -0.004 -15"><span class='ocrx_word' id='word_1_122' title='bbox 206 2004 293 2063; x_wconf 88' lang='lat' dir='ltr'>eeleri</span> <span class='ocrx_word' id='word_1_123' title='bbox 314 2014 342 2061; x_wconf 90' lang='lat' dir='ltr'>et</span> <span class='ocrx_word' id='word_1_124' title='bbox 362 2004 535 2074; x_wconf 70' lang='lat' dir='ltr'>exenoitati3</span> <span class='ocrx_word' id='word_1_125' title='bbox 562 2015 703 2061; x_wconf 83' lang='lat' dir='ltr'>oratorem</span> <span class='ocrx_word' id='word_1_126' title='bbox 730 2013 834 2073; x_wconf 85' lang='lat' dir='ltr'>autem,</span> <span class='ocrx_word' id='word_1_127' title='bbox 856 2002 912 2061; x_wconf 90' lang='lat' dir='ltr'>nisi</span> <span class='ocrx_word' id='word_1_128' title='bbox 938 2002 989 2077; x_wconf 86' lang='lat' dir='ltr'>qui</span> 
     </span>
     <span class='ocr_line' id='line_1_19' title="bbox 205 2098 991 2176; baseline -0.005 -17"><span class='ocrx_word' id='word_1_129' title='bbox 205 2100 318 2176; x_wconf 82' lang='lat' dir='ltr'>sapiens</span> <span class='ocrx_word' id='word_1_130' title='bbox 338 2110 423 2172; x_wconf 88' lang='lat' dir='ltr'>esset,</span> <span class='ocrx_word' id='word_1_131' title='bbox 443 2119 509 2157; x_wconf 87' lang='lat' dir='ltr'>esse</span> <span class='ocrx_word' id='word_1_132' title='bbox 526 2100 688 2157; x_wconf 90' lang='lat' dir='ltr'>nemiuem:</span> <span class='ocrx_word' id='word_1_133' title='bbox 716 2110 800 2174; x_wconf 80' lang='lat' dir='ltr'>atque</span> <span class='ocrx_word' id='word_1_134' title='bbox 819 2098 911 2173; x_wconf 84' lang='lat' dir='ltr'>ipsam</span> <span class='ocrx_word' id='word_1_135' title='bbox 930 2098 991 2155; x_wconf 86' lang='lat' dir='ltr'>elo-</span> 
     </span>
     <span class='ocr_line' id='line_1_20' title="bbox 205 2194 991 2273; baseline -0.005 -18"><span class='ocrx_word' id='word_1_136' title='bbox 205 2198 361 2273; x_wconf 83' lang='lat' dir='ltr'>quentiam,</span> <span class='ocrx_word' id='word_1_137' title='bbox 382 2197 459 2273; x_wconf 89' lang='lat' dir='ltr'>quod</span> <span class='ocrx_word' id='word_1_138' title='bbox 479 2214 516 2253; x_wconf 89' lang='lat' dir='ltr'>ex</span> <span class='ocrx_word' id='word_1_139' title='bbox 535 2197 609 2254; x_wconf 89' lang='lat' dir='ltr'>bene</span> <span class='ocrx_word' id='word_1_140' title='bbox 636 2195 752 2253; x_wconf 82' lang='lat' dir='ltr'>dioeniii</span> <span class='ocrx_word' id='word_1_141' title='bbox 778 2194 899 2252; x_wconf 69' lang='lat' dir='ltr'>soientit</span> <span class='ocrx_word' id='word_1_142' title='bbox 920 2212 991 2251; x_wconf 88' lang='lat' dir='ltr'>oon·</span> 
     </span>
     <span class='ocr_line' id='line_1_21' title="bbox 160 2290 989 2367; baseline -0.004 -18"><span class='ocrx_word' id='word_1_143' title='bbox 160 2298 192 2349; x_wconf 73' lang='lat'>20</span> <span class='ocrx_word' id='word_1_144' title='bbox 205 2304 301 2365; x_wconf 82' lang='lat' dir='ltr'>staret,</span> <span class='ocrx_word' id='word_1_145' title='bbox 329 2312 415 2351; x_wconf 89' lang='lat' dir='ltr'>unam</span> <span class='ocrx_word' id='word_1_146' title='bbox 443 2294 586 2367; x_wconf 82' lang='lat' dir='ltr'>quandam</span> <span class='ocrx_word' id='word_1_147' title='bbox 614 2312 677 2349; x_wconf 91' lang='lat' dir='ltr'>esse</span> <span class='ocrx_word' id='word_1_148' title='bbox 704 2292 847 2361; x_wconf 85' lang='lat' dir='ltr'>virtutem,</span> <span class='ocrx_word' id='word_1_149' title='bbox 872 2300 911 2361; x_wconf 90' lang='lat' dir='ltr'>et,</span> <span class='ocrx_word' id='word_1_150' title='bbox 938 2290 989 2365; x_wconf 89' lang='lat' dir='ltr'>qui</span> 
     </span>
     <span class='ocr_line' id='line_1_22' title="bbox 206 2388 989 2461; baseline -0.006 -13"><span class='ocrx_word' id='word_1_151' title='bbox 206 2410 291 2449; x_wconf 89' lang='lat' dir='ltr'>unam</span> <span class='ocrx_word' id='word_1_152' title='bbox 315 2390 448 2447; x_wconf 87' lang='lat' dir='ltr'>virtutem</span> <span class='ocrx_word' id='word_1_153' title='bbox 476 2390 604 2461; x_wconf 80' lang='lat' dir='ltr'>haberet,</span> <span class='ocrx_word' id='word_1_154' title='bbox 624 2401 722 2447; x_wconf 80' lang='lat' dir='ltr'>omnes</span> <span class='ocrx_word' id='word_1_155' title='bbox 748 2388 863 2457; x_wconf 82' lang='lat' dir='ltr'>habere,</span> <span class='ocrx_word' id='word_1_156' title='bbox 883 2404 989 2461; x_wconf 84' lang='lat' dir='ltr'>easque</span> 
     </span>
     <span class='ocr_line' id='line_1_23' title="bbox 205 2483 992 2559; baseline -0.005 -16"><span class='ocrx_word' id='word_1_157' title='bbox 205 2504 268 2557; x_wconf 84' lang='lat' dir='ltr'>esse</span> <span class='ocrx_word' id='word_1_158' title='bbox 296 2486 370 2542; x_wconf 87' lang='lat' dir='ltr'>inter</span> <span class='ocrx_word' id='word_1_159' title='bbox 390 2505 421 2543; x_wconf 87' lang='lat' dir='ltr'>se</span> <span class='ocrx_word' id='word_1_160' title='bbox 441 2486 565 2559; x_wconf 84' lang='lat' dir='ltr'>aequales</span> <span class='ocrx_word' id='word_1_161' title='bbox 588 2495 617 2541; x_wconf 89' lang='lat' dir='ltr'>et</span> <span class='ocrx_word' id='word_1_162' title='bbox 643 2503 741 2559; x_wconf 85' lang='lat' dir='ltr'>pares:</span> <span class='ocrx_word' id='word_1_163' title='bbox 769 2484 820 2555; x_wconf 82' lang='lat' dir='ltr'>ita,</span> <span class='ocrx_word' id='word_1_164' title='bbox 839 2483 888 2558; x_wconf 91' lang='lat' dir='ltr'>qui</span> <span class='ocrx_word' id='word_1_165' title='bbox 914 2493 992 2540; x_wconf 83' lang='lat' dir='ltr'>esset</span> 
     </span>
     <span class='ocr_line' id='line_1_24' title="bbox 205 2580 991 2659; baseline -0.001 -21"><span class='ocrx_word' id='word_1_166' title='bbox 205 2580 352 2659; x_wconf 85' lang='lat' dir='ltr'>eloquens,</span> <span class='ocrx_word' id='word_1_167' title='bbox 367 2600 433 2639; x_wconf 87' lang='lat' dir='ltr'>eum</span> <span class='ocrx_word' id='word_1_168' title='bbox 447 2580 565 2638; x_wconf 83' lang='lat' dir='ltr'>virtutes</span> <span class='ocrx_word' id='word_1_169' title='bbox 579 2599 679 2637; x_wconf 90' lang='lat' dir='ltr'>omnes</span> <span class='ocrx_word' id='word_1_170' title='bbox 692 2580 807 2650; x_wconf 86' lang='lat' dir='ltr'>habere,</span> <span class='ocrx_word' id='word_1_171' title='bbox 823 2589 906 2655; x_wconf 87' lang='lat' dir='ltr'>atque</span> <span class='ocrx_word' id='word_1_172' title='bbox 926 2597 991 2637; x_wconf 86' lang='lat' dir='ltr'>esse</span> 
     </span>
     <span class='ocr_line' id='line_1_25' title="bbox 205 2676 990 2753; baseline -0.004 -18"><span class='ocrx_word' id='word_1_173' title='bbox 205 2677 371 2753; x_wconf 85' lang='lat' dir='ltr'>sapientem.</span> <span class='ocrx_word' id='word_1_174' title='bbox 427 2678 484 2733; x_wconf 86' lang='lat' dir='ltr'>Sed</span> <span class='ocrx_word' id='word_1_175' title='bbox 506 2677 569 2734; x_wconf 83' lang='lat' dir='ltr'>haeo</span> <span class='ocrx_word' id='word_1_176' title='bbox 588 2687 649 2736; x_wconf 79' lang='lat' dir='ltr'>erat</span> <span class='ocrx_word' id='word_1_177' title='bbox 671 2677 785 2753; x_wconf 85' lang='lat' dir='ltr'>spinosa</span> <span class='ocrx_word' id='word_1_178' title='bbox 810 2676 940 2751; x_wconf 69' lang='lat' dir='ltr'>quaedam</span> <span class='ocrx_word' id='word_1_179' title='bbox 960 2684 990 2732; x_wconf 89' lang='lat' dir='ltr'>et</span> 
     </span>
     <span class='ocr_line' id='line_1_26' title="bbox 160 2772 989 2849; baseline -0.008 -14"><span class='ocrx_word' id='word_1_180' title='bbox 160 2784 192 2835; x_wconf 74' lang='lat'>25</span> <span class='ocrx_word' id='word_1_181' title='bbox 205 2773 287 2831; x_wconf 84' lang='lat' dir='ltr'>exilis</span> <span class='ocrx_word' id='word_1_182' title='bbox 314 2773 416 2844; x_wconf 85' lang='lat' dir='ltr'>oratio,</span> <span class='ocrx_word' id='word_1_183' title='bbox 438 2773 581 2849; x_wconf 85' lang='lat' dir='ltr'>longeque</span> <span class='ocrx_word' id='word_1_184' title='bbox 610 2794 626 2831; x_wconf 88' lang='lat' dir='ltr'>a</span> <span class='ocrx_word' id='word_1_185' title='bbox 651 2774 757 2831; x_wconf 83' lang='lat' dir='ltr'>uostris</span> <span class='ocrx_word' id='word_1_186' title='bbox 783 2773 914 2830; x_wconf 85' lang='lat' dir='ltr'>sensibus</span> <span class='ocrx_word' id='word_1_187' title='bbox 942 2772 989 2829; x_wconf 90' lang='lat' dir='ltr'>ab·</span> 
     </span>
     <span class='ocr_line' id='line_1_27' title="bbox 192 2867 990 2949; baseline -0.005 -22"><span class='ocrx_word' id='word_1_188' title='bbox 192 2868 347 2949; x_wconf 58' lang='lat' dir='ltr'>monebat.</span> <span class='ocrx_word' id='word_1_189' title='bbox 379 2868 568 2927; x_wconf 74' lang='lat' dir='ltr'>Charmadas</span> <span class='ocrx_word' id='word_1_190' title='bbox 593 2889 661 2926; x_wconf 83' lang='lat' dir='ltr'>vero</span> <span class='ocrx_word' id='word_1_191' title='bbox 688 2870 778 2927; x_wconf 90' lang='lat' dir='ltr'>multo</span> <span class='ocrx_word' id='word_1_192' title='bbox 805 2868 921 2925; x_wconf 87' lang='lat' dir='ltr'>uberius</span> <span class='ocrx_word' id='word_1_193' title='bbox 942 2867 990 2924; x_wconf 90' lang='lat' dir='ltr'>iis·</span> 
     </span>
     <span class='ocr_line' id='line_1_28' title="bbox 206 2962 990 3040; baseline -0.008 -15"><span class='ocrx_word' id='word_1_194' title='bbox 206 2966 272 3025; x_wconf 84' lang='lat' dir='ltr'>dem</span> <span class='ocrx_word' id='word_1_195' title='bbox 298 2967 335 3021; x_wconf 90' lang='lat' dir='ltr'>de</span> <span class='ocrx_word' id='word_1_196' title='bbox 361 2966 447 3023; x_wconf 83' lang='lat' dir='ltr'>rebus</span> <span class='ocrx_word' id='word_1_197' title='bbox 480 2965 664 3040; x_wconf 83' lang='lat' dir='ltr'>loquebatur;</span> <span class='ocrx_word' id='word_1_198' title='bbox 698 2984 757 3022; x_wconf 92' lang='lat' dir='ltr'>non</span> <span class='ocrx_word' id='word_1_199' title='bbox 784 2983 841 3040; x_wconf 91' lang='lat' dir='ltr'>quo</span> <span class='ocrx_word' id='word_1_200' title='bbox 869 2962 990 3039; x_wconf 81' lang='lat' dir='ltr'>aperiret</span> 
     </span>
    </p>
   </div>
   <div class='ocr_carea' id='block_1_3' title="bbox 208 3056 990 3149">
    <p class='ocr_par' dir='ltr' id='par_1_3' title="bbox 208 3056 990 3149">
     <span class='ocr_line' id='line_1_29' title="bbox 208 3056 990 3149; baseline -0.012 -26"><span class='ocrx_word' id='word_1_201' title='bbox 208 3061 377 3123; x_wconf 78' lang='lat' dir='ltr'>sementiam</span> <span class='ocrx_word' id='word_1_202' title='bbox 401 3081 498 3133; x_wconf 88' lang='lat' dir='ltr'>suam;</span> <span class='ocrx_word' id='word_1_203' title='bbox 527 3062 577 3119; x_wconf 89' lang='lat' dir='ltr'>hio</span> <span class='ocrx_word' id='word_1_204' title='bbox 603 3062 679 3119; x_wconf 90' lang='lat' dir='ltr'>enim</span> <span class='ocrx_word' id='word_1_205' title='bbox 706 3080 769 3120; x_wconf 88' lang='lat' dir='ltr'>mos</span> <span class='ocrx_word' id='word_1_206' title='bbox 796 3068 856 3118; x_wconf 85' lang='lat' dir='ltr'>erat</span> <span class='ocrx_word' id='word_1_207' title='bbox 881 3056 990 3149; x_wconf 82' lang='lat' dir='ltr'>patrius</span> 
     </span>
    </p>
   </div>
   <div class='ocr_carea' id='block_1_4' title="bbox 0 0 1088 3567">
    <p class='ocr_par' dir='ltr' id='par_1_4' title="bbox 0 0 1088 3567">
     <span class='ocr_line' id='line_1_30' title="bbox 0 0 1088 3567; baseline 0 1"><span class='ocrx_word' id='word_1_208' title='bbox 0 0 1088 3567; x_wconf 95' lang='lat' dir='ltr'> </span> 
     </span>
    </p>
   </div>
  </div>
 </body>
</html>
