2167 3567
141 308 179 373 ll
461 318 504 367 nn
526 317 690 367 omronn‘.
903 321 976 382 [nr.

184 488 239 545 que
262 468 426 529 urbanitate
452 470 616 549 conjuncta.
666 470 810 529 Tebenda
835 480 977 548 preterea

183 576 227 623 est
240 567 334 625 omnis
355 568 518 643 antiquitas,
534 567 786 647 exemplorumque
800 566 859 624 vis:
880 586 978 645 nque

183 662 290 739 legum,
312 673 361 720 ant
377 664 450 741 juris
470 664 564 722 civilis
584 664 706 722 scientie
724 664 901 741 negligenda
921 675 976 723 est.

183 758 343 835 Numquid
357 778 412 836 ego
425 760 461 817 de
477 760 590 818 actione
604 761 666 835 ipsi
677 760 762 836 plura
773 761 890 819 dicarul
910 781 978 836 qum

153 862 171 911 5
184 867 263 915 motu
284 857 421 933 corporis,
436 876 500 931 qum
521 872 613 933 gestu,
628 876 692 931 quae
710 858 799 930 vultu,
813 876 877 933 que
893 859 978 915 vocis

184 954 413 1011 conformatione
428 972 462 1010 ec
481 956 618 1011 varietate
638 953 815 1012 moderanda
827 963 887 1011 est:
908 974 977 1029 qum

184 1050 246 1107 tola
264 1068 316 1126 per
329 1068 360 1107 se
374 1050 436 1126 ipra
455 1060 563 1125 quanta
581 1050 628 1121 sit,
643 1049 815 1107 histrionum
835 1050 906 1107 levis
927 1070 976 1108 ars

184 1158 213 1205 et
227 1166 315 1206 scena
334 1148 477 1206 declaret:
500 1147 529 1205 in
550 1147 608 1223 qud
628 1165 694 1204 oum
714 1165 814 1205 ornnes
828 1146 857 1204 in
871 1146 931 1205 oris
944 1158 978 1205 et

184 1247 264 1302 vocis
296 1256 325 1302 et
358 1245 453 1304 motris
486 1245 682 1302 moderatione
716 1244 874 1314 elaborent,
908 1245 977 1318 quie

139 1350 170 1399 10
185 1339 307 1416 ignorat,
328 1358 413 1414 quam
433 1340 520 1414 pauci
541 1340 608 1411 sint,
630 1340 802 1415 fuerintque,
821 1358 892 1414 quos
914 1342 977 1398 ani·

184 1456 231 1495 mo
251 1454 333 1510 aequo
354 1446 484 1510 spectare
503 1435 666 1510 possimusl
716 1436 799 1498 Quid
819 1437 915 1495 dicam
935 1439 975 1495 de

184 1531 318 1589 thesauro
346 1550 440 1589 rerum
467 1531 607 1602 omnium,
632 1532 791 1590 memorial
825 1552 888 1608 quae
915 1534 977 1592 nisi

184 1639 281 1685 custos
314 1628 438 1686 inventis
471 1628 661 1705 cogitatisque
695 1629 782 1686 rebus
814 1640 844 1687 et
877 1630 977 1690 verbis

184 1724 362 1796 adhibeatur,
388 1724 583 1802 intelligimus,
606 1726 713 1797 omnia,
737 1726 823 1784 etiam
851 1726 876 1784 si
901 1746 976 1803 prte-

138 1832 169 1881 15
184 1822 342 1880 clarissima
361 1822 467 1879 fuerint
487 1823 517 1880 in
537 1834 661 1894 oratore,
681 1824 814 1899 peritura.
860 1823 976 1885 Quaru-

183 1920 283 1977 obrem
303 1918 399 1975 mirari
419 1919 594 1991 desinamus,
608 1938 672 1994 quae
686 1938 775 1976 causa
787 1919 824 1977 sit
837 1920 976 1994 eloquen-

183 2016 255 2073 tium
275 2015 438 2090 paucitatis,
454 2016 520 2073 cuin
540 2034 577 2072 ex
596 2016 632 2073 iis
652 2017 738 2073 rebus
758 2016 899 2073 universis
914 2016 976 2073 elo-

182 2112 300 2188 quentia
331 2120 454 2183 constct,
481 2112 586 2188 quibus
612 2113 643 2170 in
669 2112 791 2190 singulis
823 2113 974 2171 elaborare

182 2228 371 2288 permagnum
404 2220 463 2282 est;
502 2210 705 2287 hortemurque
736 2211 832 2286 potius
866 2210 973 2268 liberos

137 2311 307 2380 adnostros,
335 2319 513 2383 ceterosque,
548 2328 670 2385 quorum
703 2308 796 2384 gloria
827 2306 912 2364 nobis
942 2317 973 2365 et

183 2404 309 2477 dignitas
336 2424 404 2461 cara
427 2414 479 2475 est,
501 2414 533 2461 ut
554 2405 649 2461 animo
675 2403 717 2459 rei
743 2402 973 2477 magnitudinem

183 2496 420 2573 ¹complectantur,
452 2516 546 2570 neque
581 2497 617 2554 iis
652 2507 701 2554 aut
734 2499 895 2573 preceptis,
923 2508 974 2555 aut

184 2589 337 2667 magistris,
362 2600 411 2648 aut
434 2592 699 2664 exercitationibus,
722 2592 826 2667 quibus
853 2604 973 2658 utuntur

184 2706 294 2759 omnes,
315 2688 365 2745 ser
387 2688 450 2745 niis
476 2688 657 2763 quibusdam,
677 2708 710 2747 se
726 2674 770 2761 n,
792 2690 868 2764 quoa
887 2707 973 2764 erpe-

137 2790 170 2843 95
183 2795 258 2859 tunt,
273 2784 409 2861 consequi
422 2804 505 2861 posse
519 2786 675 2845 confidant.

224 2981 276 3039 VI.
303 2982 351 3039 Ac
374 2980 439 3039 meti
458 2980 576 3058 quidem
599 2981 744 3039 sententia
762 2999 848 3040 nemo
867 2976 973 3057 poterit

181 3096 248 3139 ease
281 3079 361 3139 omni
392 3078 477 3138 laude
507 3079 675 3147 cumulatus
701 3089 808 3152 orator,
835 3076 892 3139 nisi
917 3075 974 3155 erit
