<?xml version="1.0" encoding="UTF-8"?>
<!DOCTYPE html PUBLIC "-//W3C//DTD XHTML 1.0 Transitional//EN"
    "http://www.w3.org/TR/xhtml1/DTD/xhtml1-transitional.dtd">
<html xmlns="http://www.w3.org/1999/xhtml" xml:lang="en" lang="en">
 <head>
  <title>
</title>
<meta http-equiv="Content-Type" content="text/html;charset=utf-8" />
  <meta name='ocr-system' content='tesseract 3.04.00' />
  <meta name='ocr-capabilities' content='ocr_page ocr_carea ocr_par ocr_line ocrx_word'/>
</head>
<body>
  <div class='ocr_page' id='page_1' title='image "./mtciceronisadqu01dillgoog_0060.png"; bbox 0 0 2167 3567; ppageno 0'>
   <div class='ocr_carea' id='block_1_1' title="bbox 126 321 961 384">
    <p class='ocr_par' dir='ltr' id='par_1_1' title="bbox 126 321 961 384">
     <span class='ocr_line' id='line_1_1' title="bbox 126 321 961 384; baseline -0.013 -3"><span class='ocrx_word' id='word_1_1' title='bbox 126 321 166 381; x_wconf 78' lang='grc'>64</span> <span class='ocrx_word' id='word_1_2' title='bbox 448 328 491 375; x_wconf 84' lang='lat' dir='ltr'>un</span> <span class='ocrx_word' id='word_1_3' title='bbox 516 326 680 375; x_wconf 80' lang='lat' dir='ltr'>onrronn</span> <span class='ocrx_word' id='word_1_4' title='bbox 889 322 961 384; x_wconf 78' lang='lat' dir='ltr'>[nr</span> 
     </span>
    </p>
   </div>
   <div class='ocr_carea' id='block_1_2' title="bbox 175 471 964 650">
    <p class='ocr_par' dir='ltr' id='par_1_2' title="bbox 175 471 964 650">
     <span class='ocr_line' id='line_1_2' title="bbox 175 471 964 554; baseline -0.008 -19"><span class='ocrx_word' id='word_1_5' title='bbox 175 496 233 535; x_wconf 91' lang='lat' dir='ltr'>non</span> <span class='ocrx_word' id='word_1_6' title='bbox 254 476 346 548; x_wconf 85' lang='lat' dir='ltr'>dccet,</span> <span class='ocrx_word' id='word_1_7' title='bbox 362 476 440 535; x_wconf 88' lang='lat' dir='ltr'>hunc</span> <span class='ocrx_word' id='word_1_8' title='bbox 461 474 693 554; x_wconf 79' lang='lat' dir='ltr'>(utApollonius</span> <span class='ocrx_word' id='word_1_9' title='bbox 710 474 841 553; x_wconf 85' lang='lat' dir='ltr'>jubebat)</span> <span class='ocrx_word' id='word_1_10' title='bbox 864 472 899 530; x_wconf 89' lang='lat' dir='ltr'>ad</span> <span class='ocrx_word' id='word_1_11' title='bbox 921 471 964 545; x_wconf 86' lang='lat' dir='ltr'>id,</span> 
     </span>
     <span class='ocr_line' id='line_1_3' title="bbox 176 573 791 650; baseline -0.005 -19"><span class='ocrx_word' id='word_1_12' title='bbox 176 574 253 649; x_wconf 92' lang='lat' dir='ltr'>quod</span> <span class='ocrx_word' id='word_1_13' title='bbox 268 574 363 633; x_wconf 84' lang='lat' dir='ltr'>lacere</span> <span class='ocrx_word' id='word_1_14' title='bbox 376 574 474 650; x_wconf 78' lang='lat' dir='ltr'>possit,</span> <span class='ocrx_word' id='word_1_15' title='bbox 490 573 700 634; x_wconf 80' lang='lat' dir='ltr'><strong>detrudendum</strong></span> <span class='ocrx_word' id='word_1_16' title='bbox 712 582 791 648; x_wconf 89' lang='lat' dir='ltr'>puto.</span> 
     </span>
    </p>
   </div>
   <div class='ocr_carea' id='block_1_3' title="bbox 134 765 971 3054">
    <p class='ocr_par' dir='ltr' id='par_1_3' title="bbox 216 765 966 843">
     <span class='ocr_line' id='line_1_4' title="bbox 216 765 966 843; baseline -0.004 -17"><span class='ocrx_word' id='word_1_17' title='bbox 216 767 333 827; x_wconf 85' lang='lat' dir='ltr'>XXIX.</span> <span class='ocrx_word' id='word_1_18' title='bbox 354 766 434 825; x_wconf 88' lang='lat' dir='ltr'>Num</span> <span class='ocrx_word' id='word_1_19' title='bbox 453 777 484 824; x_wconf 90' lang='lat' dir='ltr'>tu</span> <span class='ocrx_word' id='word_1_20' title='bbox 506 766 603 843; x_wconf 86' lang='lat' dir='ltr'>igitur,</span> <span class='ocrx_word' id='word_1_21' title='bbox 622 766 716 841; x_wconf 90' lang='lat' dir='ltr'>inquit</span> <span class='ocrx_word' id='word_1_22' title='bbox 734 765 889 841; x_wconf 78' lang='lat' dir='ltr'>Sulpicius,</span> <span class='ocrx_word' id='word_1_23' title='bbox 904 769 966 839; x_wconf 84' lang='lat' dir='ltr'>ine,</span> 
     </span>
    </p>

    <p class='ocr_par' dir='ltr' id='par_1_4' title="bbox 134 862 971 3054">
     <span class='ocr_line' id='line_1_5' title="bbox 179 862 966 939; baseline -0.003 -17"><span class='ocrx_word' id='word_1_24' title='bbox 179 874 227 922; x_wconf 86' lang='lat' dir='ltr'>aut</span> <span class='ocrx_word' id='word_1_25' title='bbox 247 864 325 922; x_wconf 92' lang='lat' dir='ltr'>huuc</span> <span class='ocrx_word' id='word_1_26' title='bbox 344 864 470 931; x_wconf 77' lang='lat' dir='ltr'><strong>Cottam,</strong></span> <span class='ocrx_word' id='word_1_27' title='bbox 488 863 535 939; x_wconf 88' lang='lat' dir='ltr'>jus</span> <span class='ocrx_word' id='word_1_28' title='bbox 552 862 646 934; x_wconf 82' lang='lat' dir='ltr'>civile,</span> <span class='ocrx_word' id='word_1_29' title='bbox 662 872 711 920; x_wconf 91' lang='lat' dir='ltr'>aut</span> <span class='ocrx_word' id='word_1_30' title='bbox 730 880 789 919; x_wconf 90' lang='lat' dir='ltr'>rem</span> <span class='ocrx_word' id='word_1_31' title='bbox 809 862 966 921; x_wconf 86' lang='lat' dir='ltr'>militarem</span> 
     </span>
     <span class='ocr_line' id='line_1_6' title="bbox 145 938 966 1037; baseline 0.006 -23"><span class='ocrx_word' id='word_1_32' title='bbox 145 961 260 1037; x_wconf 75' lang='lat' dir='ltr'>ujubes</span> <span class='ocrx_word' id='word_1_33' title='bbox 280 961 411 1018; x_wconf 87' lang='lat' dir='ltr'>discerel</span> <span class='ocrx_word' id='word_1_34' title='bbox 433 978 500 1018; x_wconf 86' lang='lat' dir='ltr'>nam</span> <span class='ocrx_word' id='word_1_35' title='bbox 520 938 641 1035; x_wconf 49' lang='lat' dir='ltr'>quis‘ad</span> <span class='ocrx_word' id='word_1_36' title='bbox 661 959 716 1017; x_wconf 87' lang='lat' dir='ltr'>ista</span> <span class='ocrx_word' id='word_1_37' title='bbox 735 978 855 1031; x_wconf 87' lang='lat' dir='ltr'>summa,</span> <span class='ocrx_word' id='word_1_38' title='bbox 877 969 966 1035; x_wconf 88' lang='lat' dir='ltr'>atque</span> 
     </span>
     <span class='ocr_line' id='line_1_7' title="bbox 179 1055 967 1133; baseline 0 -20"><span class='ocrx_word' id='word_1_39' title='bbox 179 1056 209 1113; x_wconf 92' lang='lat' dir='ltr'>in</span> <span class='ocrx_word' id='word_1_40' title='bbox 240 1056 319 1113; x_wconf 88' lang='lat' dir='ltr'>omni</span> <span class='ocrx_word' id='word_1_41' title='bbox 355 1073 460 1133; x_wconf 81' lang='lat' dir='ltr'><strong>genere</strong></span> <span class='ocrx_word' id='word_1_42' title='bbox 495 1055 633 1131; x_wconf 81' lang='lat' dir='ltr'>perlecta,</span> <span class='ocrx_word' id='word_1_43' title='bbox 665 1065 758 1130; x_wconf 86' lang='lat' dir='ltr'>potest</span> <span class='ocrx_word' id='word_1_44' title='bbox 792 1055 967 1130; x_wconf 79' lang='lat' dir='ltr'>pervenirel</span> 
     </span>
     <span class='ocr_line' id='line_1_8' title="bbox 178 1136 967 1229; baseline -0.001 -19"><span class='ocrx_word' id='word_1_45' title='bbox 178 1152 257 1210; x_wconf 85' lang='lat' dir='ltr'>Turn</span> <span class='ocrx_word' id='word_1_46' title='bbox 291 1152 349 1225; x_wconf 92' lang='lat' dir='ltr'>ille,</span> <span class='ocrx_word' id='word_1_47' title='bbox 377 1152 442 1229; x_wconf 86' lang='lat' dir='ltr'>Ego</span> <span class='ocrx_word' id='word_1_48' title='bbox 474 1136 552 1223; x_wconf 86' lang='lat' dir='ltr'>vero,</span> <span class='ocrx_word' id='word_1_49' title='bbox 580 1151 681 1226; x_wconf 89' lang='lat' dir='ltr'>inquit,</span> <span class='ocrx_word' id='word_1_50' title='bbox 707 1151 784 1225; x_wconf 91' lang='lat' dir='ltr'>quod</span> <span class='ocrx_word' id='word_1_51' title='bbox 818 1150 848 1208; x_wconf 89' lang='lat' dir='ltr'>in</span> <span class='ocrx_word' id='word_1_52' title='bbox 882 1152 967 1209; x_wconf 83' lang='lat' dir='ltr'>vohis</span> 
     </span>
     <span class='ocr_line' id='line_1_9' title="bbox 179 1247 964 1326; baseline -0.003 -19"><span class='ocrx_word' id='word_1_53' title='bbox 179 1250 324 1326; x_wconf 82' lang='lat' dir='ltr'>egregiam</span> <span class='ocrx_word' id='word_1_54' title='bbox 351 1249 493 1325; x_wconf 90' lang='lat' dir='ltr'>quandam</span> <span class='ocrx_word' id='word_1_55' title='bbox 523 1266 557 1305; x_wconf 89' lang='lat' dir='ltr'>ac</span> <span class='ocrx_word' id='word_1_56' title='bbox 582 1248 749 1323; x_wconf 76' lang='lat' dir='ltr'>praeclaram</span> <span class='ocrx_word' id='word_1_57' title='bbox 776 1247 900 1305; x_wconf 84' lang='lat' dir='ltr'><strong>indolem</strong></span> <span class='ocrx_word' id='word_1_58' title='bbox 929 1247 964 1307; x_wconf 82' lang='lat' dir='ltr'>ad</span> 
     </span>
     <span class='ocr_line' id='line_1_10' title="bbox 179 1342 965 1419; baseline -0.001 -18"><span class='ocrx_word' id='word_1_59' title='bbox 179 1345 333 1402; x_wconf 90' lang='lat' dir='ltr'>dicendum</span> <span class='ocrx_word' id='word_1_60' title='bbox 360 1362 425 1401; x_wconf 85' lang='lat' dir='ltr'>esse</span> <span class='ocrx_word' id='word_1_61' title='bbox 450 1343 582 1419; x_wconf 83' lang='lat' dir='ltr'>cognovi,</span> <span class='ocrx_word' id='word_1_62' title='bbox 610 1343 719 1400; x_wconf 90' lang='lat' dir='ltr'>idcirco</span> <span class='ocrx_word' id='word_1_63' title='bbox 750 1342 812 1400; x_wconf 80' lang='lat' dir='ltr'>haec</span> <span class='ocrx_word' id='word_1_64' title='bbox 845 1342 965 1419; x_wconf 85' lang='lat' dir='ltr'>exposui</span> 
     </span>
     <span class='ocr_line' id='line_1_11' title="bbox 134 1438 967 1515; baseline 0.001 -19"><span class='ocrx_word' id='word_1_65' title='bbox 134 1447 164 1496; x_wconf 88' lang='lat'>10</span> <span class='ocrx_word' id='word_1_66' title='bbox 179 1440 292 1509; x_wconf 88' lang='lat' dir='ltr'>omnia;</span> <span class='ocrx_word' id='word_1_67' title='bbox 313 1458 369 1497; x_wconf 84' lang='lat' dir='ltr'>nec</span> <span class='ocrx_word' id='word_1_68' title='bbox 389 1439 480 1515; x_wconf 87' lang='lat' dir='ltr'>magis</span> <span class='ocrx_word' id='word_1_69' title='bbox 501 1438 536 1495; x_wconf 92' lang='lat' dir='ltr'>ad</span> <span class='ocrx_word' id='word_1_70' title='bbox 556 1457 608 1495; x_wconf 91' lang='lat' dir='ltr'>eos</span> <span class='ocrx_word' id='word_1_71' title='bbox 627 1438 820 1509; x_wconf 90' lang='lat' dir='ltr'>deterrendos,</span> <span class='ocrx_word' id='word_1_72' title='bbox 834 1439 884 1514; x_wconf 90' lang='lat' dir='ltr'>qui</span> <span class='ocrx_word' id='word_1_73' title='bbox 903 1456 967 1498; x_wconf 90' lang='lat' dir='ltr'>non</span> 
     </span>
     <span class='ocr_line' id='line_1_12' title="bbox 180 1534 971 1611; baseline 0.001 -19"><span class='ocrx_word' id='word_1_74' title='bbox 180 1545 306 1611; x_wconf 86' lang='lat' dir='ltr'>possent,</span> <span class='ocrx_word' id='word_1_75' title='bbox 321 1553 405 1609; x_wconf 89' lang='lat' dir='ltr'>quam</span> <span class='ocrx_word' id='word_1_76' title='bbox 427 1534 463 1591; x_wconf 90' lang='lat' dir='ltr'>ad</span> <span class='ocrx_word' id='word_1_77' title='bbox 483 1550 543 1604; x_wconf 84' lang='lat' dir='ltr'>vos,</span> <span class='ocrx_word' id='word_1_78' title='bbox 559 1534 608 1609; x_wconf 91' lang='lat' dir='ltr'>qui</span> <span class='ocrx_word' id='word_1_79' title='bbox 627 1535 759 1609; x_wconf 87' lang='lat' dir='ltr'>possetis,</span> <span class='ocrx_word' id='word_1_80' title='bbox 780 1536 971 1593; x_wconf 77' lang='lat' dir='ltr'>exacuendos</span> 
     </span>
     <span class='ocr_line' id='line_1_13' title="bbox 181 1630 965 1708; baseline 0 -19"><span class='ocrx_word' id='word_1_81' title='bbox 181 1630 394 1689; x_wconf 77' lang='lat' dir='ltr'>accommodavi</span> <span class='ocrx_word' id='word_1_82' title='bbox 421 1630 581 1687; x_wconf 86' lang='lat' dir='ltr'>orationem</span> <span class='ocrx_word' id='word_1_83' title='bbox 608 1650 718 1688; x_wconf 89' lang='lat' dir='ltr'>meam:</span> <span class='ocrx_word' id='word_1_84' title='bbox 747 1640 777 1687; x_wconf 85' lang='lat' dir='ltr'>et</span> <span class='ocrx_word' id='word_1_85' title='bbox 803 1648 965 1708; x_wconf 86' lang='lat' dir='ltr'>quanquam</span> 
     </span>
     <span class='ocr_line' id='line_1_14' title="bbox 181 1726 966 1804; baseline 0.003 -20"><span class='ocrx_word' id='word_1_86' title='bbox 181 1727 211 1785; x_wconf 90' lang='lat' dir='ltr'>in</span> <span class='ocrx_word' id='word_1_87' title='bbox 238 1738 359 1801; x_wconf 87' lang='lat' dir='ltr'>utroque</span> <span class='ocrx_word' id='word_1_88' title='bbox 388 1726 511 1783; x_wconf 74' lang='lat' dir='ltr'>vestrim</span> <span class='ocrx_word' id='word_1_89' title='bbox 546 1744 688 1783; x_wconf 87' lang='lat' dir='ltr'>summum</span> <span class='ocrx_word' id='word_1_90' title='bbox 720 1745 784 1784; x_wconf 85' lang='lat' dir='ltr'>esse</span> <span class='ocrx_word' id='word_1_91' title='bbox 816 1728 966 1804; x_wconf 82' lang='lat' dir='ltr'>ingenium</span> 
     </span>
     <span class='ocr_line' id='line_1_15' title="bbox 181 1822 966 1898; baseline 0.001 -18"><span class='ocrx_word' id='word_1_92' title='bbox 181 1822 363 1897; x_wconf 79' lang='lat' dir='ltr'>studiumque</span> <span class='ocrx_word' id='word_1_93' title='bbox 386 1822 527 1898; x_wconf 85' lang='lat' dir='ltr'>perspexi,</span> <span class='ocrx_word' id='word_1_94' title='bbox 549 1833 644 1880; x_wconf 89' lang='lat' dir='ltr'>tamen</span> <span class='ocrx_word' id='word_1_95' title='bbox 665 1823 737 1894; x_wconf 81' lang='lat' dir='ltr'>haec,</span> <span class='ocrx_word' id='word_1_96' title='bbox 758 1842 821 1898; x_wconf 76' lang='lat' dir='ltr'>quar</span> <span class='ocrx_word' id='word_1_97' title='bbox 848 1834 914 1881; x_wconf 88' lang='lat' dir='ltr'>sunt</span> <span class='ocrx_word' id='word_1_98' title='bbox 935 1823 966 1882; x_wconf 87' lang='lat' dir='ltr'>iu</span> 
     </span>
     <span class='ocr_line' id='line_1_16' title="bbox 136 1918 966 1995; baseline 0 -18"><span class='ocrx_word' id='word_1_99' title='bbox 136 1930 168 1977; x_wconf 83' lang='lat'>15</span> <span class='ocrx_word' id='word_1_100' title='bbox 183 1918 279 1995; x_wconf 88' lang='lat' dir='ltr'>specie</span> <span class='ocrx_word' id='word_1_101' title='bbox 292 1919 395 1995; x_wconf 88' lang='lat' dir='ltr'>posita,</span> <span class='ocrx_word' id='word_1_102' title='bbox 407 1918 443 1975; x_wconf 89' lang='lat' dir='ltr'>de</span> <span class='ocrx_word' id='word_1_103' title='bbox 454 1918 559 1993; x_wconf 88' lang='lat' dir='ltr'>quibus</span> <span class='ocrx_word' id='word_1_104' title='bbox 570 1918 654 1994; x_wconf 89' lang='lat' dir='ltr'>plura</span> <span class='ocrx_word' id='word_1_105' title='bbox 667 1919 786 1976; x_wconf 83' lang='lat' dir='ltr'>sortasse</span> <span class='ocrx_word' id='word_1_106' title='bbox 799 1920 868 1991; x_wconf 79' lang='lat' dir='ltr'>dixi,</span> <span class='ocrx_word' id='word_1_107' title='bbox 879 1937 966 1995; x_wconf 88' lang='lat' dir='ltr'>quarn</span> 
     </span>
     <span class='ocr_line' id='line_1_17' title="bbox 184 2014 966 2090; baseline 0.004 -19"><span class='ocrx_word' id='word_1_108' title='bbox 184 2014 277 2072; x_wconf 89' lang='lat' dir='ltr'>solent</span> <span class='ocrx_word' id='word_1_109' title='bbox 297 2014 392 2071; x_wconf 66' lang='lat' dir='ltr'>Graeci</span> <span class='ocrx_word' id='word_1_110' title='bbox 413 2014 521 2085; x_wconf 81' lang='lat' dir='ltr'>dicere,</span> <span class='ocrx_word' id='word_1_111' title='bbox 536 2014 565 2071; x_wconf 96' lang='lat' dir='ltr'>in</span> <span class='ocrx_word' id='word_1_112' title='bbox 586 2023 625 2085; x_wconf 84' lang='lat' dir='ltr'>te,</span> <span class='ocrx_word' id='word_1_113' title='bbox 639 2014 760 2090; x_wconf 81' lang='lat' dir='ltr'>Sulpici,</span> <span class='ocrx_word' id='word_1_114' title='bbox 774 2014 871 2072; x_wconf 80' lang='lat' dir='ltr'>divina</span> <span class='ocrx_word' id='word_1_115' title='bbox 888 2026 966 2074; x_wconf 78' lang='lat' dir='ltr'>sunt</span> 
     </span>
     <span class='ocr_line' id='line_1_18' title="bbox 184 2110 968 2188; baseline 0.003 -21"><span class='ocrx_word' id='word_1_116' title='bbox 184 2110 248 2187; x_wconf 86' lang='lat' dir='ltr'>Ego</span> <span class='ocrx_word' id='word_1_117' title='bbox 268 2111 345 2167; x_wconf 87' lang='lat' dir='ltr'>enim</span> <span class='ocrx_word' id='word_1_118' title='bbox 364 2110 519 2181; x_wconf 88' lang='lat' dir='ltr'>neminem,</span> <span class='ocrx_word' id='word_1_119' title='bbox 539 2129 596 2167; x_wconf 88' lang='lat' dir='ltr'>nec</span> <span class='ocrx_word' id='word_1_120' title='bbox 615 2120 693 2167; x_wconf 85' lang='lat' dir='ltr'>motu</span> <span class='ocrx_word' id='word_1_121' title='bbox 714 2112 852 2187; x_wconf 88' lang='lat' dir='ltr'>corporis,</span> <span class='ocrx_word' id='word_1_122' title='bbox 872 2130 968 2188; x_wconf 88' lang='lat' dir='ltr'>neque</span> 
     </span>
     <span class='ocr_line' id='line_1_19' title="bbox 184 2206 970 2283; baseline 0.003 -19"><span class='ocrx_word' id='word_1_123' title='bbox 184 2206 246 2283; x_wconf 88' lang='lat' dir='ltr'>ipso</span> <span class='ocrx_word' id='word_1_124' title='bbox 274 2207 372 2265; x_wconf 90' lang='lat' dir='ltr'>habitu</span> <span class='ocrx_word' id='word_1_125' title='bbox 400 2218 484 2283; x_wconf 86' lang='lat' dir='ltr'>atqua</span> <span class='ocrx_word' id='word_1_126' title='bbox 514 2207 605 2265; x_wconf 69' lang='lat' dir='ltr'>sormi</span> <span class='ocrx_word' id='word_1_127' title='bbox 639 2206 788 2282; x_wconf 80' lang='lat' dir='ltr'>aptiorem,</span> <span class='ocrx_word' id='word_1_128' title='bbox 815 2225 870 2264; x_wconf 91' lang='lat' dir='ltr'>nec</span> <span class='ocrx_word' id='word_1_129' title='bbox 896 2210 970 2266; x_wconf 85' lang='lat' dir='ltr'>vo&#39;ca</span> 
     </span>
     <span class='ocr_line' id='line_1_20' title="bbox 183 2301 967 2380; baseline 0.003 -21"><span class='ocrx_word' id='word_1_130' title='bbox 183 2303 352 2380; x_wconf 85' lang='lat' dir='ltr'>pleniorem,</span> <span class='ocrx_word' id='word_1_131' title='bbox 374 2314 422 2361; x_wconf 88' lang='lat' dir='ltr'>aut</span> <span class='ocrx_word' id='word_1_132' title='bbox 442 2302 601 2360; x_wconf 84' lang='lat' dir='ltr'>suaviorem</span> <span class='ocrx_word' id='word_1_133' title='bbox 621 2301 692 2358; x_wconf 89' lang='lat' dir='ltr'>mihi</span> <span class='ocrx_word' id='word_1_134' title='bbox 716 2301 812 2359; x_wconf 80' lang='lat' dir='ltr'>videor</span> <span class='ocrx_word' id='word_1_135' title='bbox 836 2302 967 2375; x_wconf 78' lang='lat' dir='ltr'>audiaair&#39;3</span> 
     </span>
     <span class='ocr_line' id='line_1_21' title="bbox 137 2398 971 2475; baseline -0.001 -17"><span class='ocrx_word' id='word_1_136' title='bbox 137 2414 169 2463; x_wconf 73' lang='lat' dir='ltr'>aa)</span> <span class='ocrx_word' id='word_1_137' title='bbox 186 2418 249 2475; x_wconf 72' lang='lat' dir='ltr'>qu·</span> <span class='ocrx_word' id='word_1_138' title='bbox 270 2400 373 2474; x_wconf 88' lang='lat' dir='ltr'>quibus</span> <span class='ocrx_word' id='word_1_139' title='bbox 394 2418 411 2455; x_wconf 93' lang='lat' dir='ltr'>a</span> <span class='ocrx_word' id='word_1_140' title='bbox 430 2398 532 2456; x_wconf 77' lang='lat' dir='ltr'>naturd</span> <span class='ocrx_word' id='word_1_141' title='bbox 553 2398 664 2455; x_wconf 89' lang='lat' dir='ltr'>minora</span> <span class='ocrx_word' id='word_1_142' title='bbox 682 2399 749 2455; x_wconf 89' lang='lat' dir='ltr'>data</span> <span class='ocrx_word' id='word_1_143' title='bbox 775 2411 851 2471; x_wconf 90' lang='lat' dir='ltr'>sunt,</span> <span class='ocrx_word' id='word_1_144' title='bbox 871 2408 971 2457; x_wconf 79' lang='lat' dir='ltr'>tamen</span> 
     </span>
     <span class='ocr_line' id='line_1_22' title="bbox 185 2493 971 2569; baseline 0 -16"><span class='ocrx_word' id='word_1_145' title='bbox 185 2494 256 2553; x_wconf 91' lang='lat' dir='ltr'>illud</span> <span class='ocrx_word' id='word_1_146' title='bbox 291 2494 414 2569; x_wconf 87' lang='lat' dir='ltr'>assequi·</span> <span class='ocrx_word' id='word_1_147' title='bbox 436 2504 566 2569; x_wconf 86' lang='lat' dir='ltr'>possunt,</span> <span class='ocrx_word' id='word_1_148' title='bbox 600 2504 632 2551; x_wconf 88' lang='lat' dir='ltr'>ut</span> <span class='ocrx_word' id='word_1_149' title='bbox 665 2493 710 2564; x_wconf 89' lang='lat' dir='ltr'>iis,</span> <span class='ocrx_word' id='word_1_150' title='bbox 738 2513 801 2569; x_wconf 74' lang='lat' dir='ltr'>quar</span> <span class='ocrx_word' id='word_1_151' title='bbox 834 2495 971 2567; x_wconf 83' lang='lat' dir='ltr'>habeant,·</span> 
     </span>
     <span class='ocr_line' id='line_1_23' title="bbox 185 2589 966 2660; baseline 0.005 -14"><span class='ocrx_word' id='word_1_152' title='bbox 185 2590 299 2647; x_wconf 86' lang='lat' dir='ltr'>modice</span> <span class='ocrx_word' id='word_1_153' title='bbox 320 2598 348 2645; x_wconf 87' lang='lat' dir='ltr'>et</span> <span class='ocrx_word' id='word_1_154' title='bbox 368 2589 492 2646; x_wconf 89' lang='lat' dir='ltr'>scienter</span> <span class='ocrx_word' id='word_1_155' title='bbox 513 2598 639 2660; x_wconf 87' lang='lat' dir='ltr'>utantur,</span> <span class='ocrx_word' id='word_1_156' title='bbox 662 2598 692 2645; x_wconf 91' lang='lat' dir='ltr'>et</span> <span class='ocrx_word' id='word_1_157' title='bbox 711 2600 743 2646; x_wconf 90' lang='lat' dir='ltr'>ut</span> <span class='ocrx_word' id='word_1_158' title='bbox 762 2608 801 2646; x_wconf 93' lang='lat' dir='ltr'>ne</span> <span class='ocrx_word' id='word_1_159' title='bbox 820 2589 966 2650; x_wconf 79' lang='lat' dir='ltr'>dedeceat</span> 
     </span>
     <span class='ocr_line' id='line_1_24' title="bbox 185 2684 969 2757; baseline 0.003 -14"><span class='ocrx_word' id='word_1_160' title='bbox 185 2685 220 2743; x_wconf 95' lang='lat' dir='ltr'>Id</span> <span class='ocrx_word' id='word_1_161' title='bbox 241 2684 318 2742; x_wconf 89' lang='lat' dir='ltr'>enirn</span> <span class='ocrx_word' id='word_1_162' title='bbox 338 2694 384 2741; x_wconf 90' lang='lat' dir='ltr'>est</span> <span class='ocrx_word' id='word_1_163' title='bbox 401 2684 524 2741; x_wconf 84' lang='lat' dir='ltr'>maxime</span> <span class='ocrx_word' id='word_1_164' title='bbox 545 2685 701 2757; x_wconf 83' lang='lat' dir='ltr'>vitandum,</span> <span class='ocrx_word' id='word_1_165' title='bbox 721 2686 806 2743; x_wconf 88' lang='lat' dir='ltr'>etde</span> <span class='ocrx_word' id='word_1_166' title='bbox 834 2686 889 2743; x_wconf 90' lang='lat' dir='ltr'>hoc</span> <span class='ocrx_word' id='word_1_167' title='bbox 907 2692 969 2747; x_wconf 82' lang='lat' dir='ltr'>uno&#39;</span> 
     </span>
     <span class='ocr_line' id='line_1_25' title="bbox 187 2780 967 2856; baseline 0 -16"><span class='ocrx_word' id='word_1_168' title='bbox 187 2782 305 2840; x_wconf 82' lang='lat' dir='ltr'>minime</span> <span class='ocrx_word' id='word_1_169' title='bbox 329 2791 372 2838; x_wconf 85' lang='lat' dir='ltr'>ert</span> <span class='ocrx_word' id='word_1_170' title='bbox 396 2780 479 2839; x_wconf 82' lang='lat' dir='ltr'>facile</span> <span class='ocrx_word' id='word_1_171' title='bbox 501 2780 667 2856; x_wconf 71' lang='lat' dir='ltr'>precipere,</span> <span class='ocrx_word' id='word_1_172' title='bbox 691 2799 749 2838; x_wconf 89' lang='lat' dir='ltr'>non</span> <span class='ocrx_word' id='word_1_173' title='bbox 774 2781 845 2839; x_wconf 90' lang='lat' dir='ltr'>mihi</span> <span class='ocrx_word' id='word_1_174' title='bbox 870 2782 967 2856; x_wconf 89' lang='lat' dir='ltr'>modo,</span> 
     </span>
     <span class='ocr_line' id='line_1_26' title="bbox 138 2872 969 2954; baseline -0.005 -14"><span class='ocrx_word' id='word_1_175' title='bbox 138 2889 171 2940; x_wconf 76' lang='lat'>25</span> <span class='ocrx_word' id='word_1_176' title='bbox 186 2878 236 2954; x_wconf 88' lang='lat' dir='ltr'>qui</span> <span class='ocrx_word' id='word_1_177' title='bbox 276 2878 350 2935; x_wconf 86' lang='lat' dir='ltr'>sicut</span> <span class='ocrx_word' id='word_1_178' title='bbox 383 2872 457 2933; x_wconf 81' lang='lat' dir='ltr'>unu&#39;s</span> <span class='ocrx_word' id='word_1_179' title='bbox 487 2876 703 2953; x_wconf 85' lang='lat' dir='ltr'>paterfamilias,</span> <span class='ocrx_word' id='word_1_180' title='bbox 737 2876 782 2935; x_wconf 83' lang='lat' dir='ltr'>his</span> <span class='ocrx_word' id='word_1_181' title='bbox 814 2878 851 2935; x_wconf 88' lang='lat' dir='ltr'>de</span> <span class='ocrx_word' id='word_1_182' title='bbox 882 2880 969 2936; x_wconf 88' lang='lat' dir='ltr'>rebus</span> 
     </span>
     <span class='ocr_line' id='line_1_27' title="bbox 187 2972 969 3054; baseline 0 -23"><span class='ocrx_word' id='word_1_183' title='bbox 187 2974 298 3051; x_wconf 88' lang='lat' dir='ltr'>loquor,</span> <span class='ocrx_word' id='word_1_184' title='bbox 319 2972 476 3041; x_wconf 77' lang='lat' dir='ltr'>sedetiam</span> <span class='ocrx_word' id='word_1_185' title='bbox 497 2972 551 3051; x_wconf 86' lang='lat' dir='ltr'>ipsi</span> <span class='ocrx_word' id='word_1_186' title='bbox 571 2973 613 3032; x_wconf 93' lang='lat' dir='ltr'>illi</span> <span class='ocrx_word' id='word_1_187' title='bbox 633 2972 761 3047; x_wconf 81' lang='lat' dir='ltr'>Rosci03</span> <span class='ocrx_word' id='word_1_188' title='bbox 788 2992 874 3051; x_wconf 84' lang='lat' dir='ltr'>quern</span> <span class='ocrx_word' id='word_1_189' title='bbox 890 2981 969 3054; x_wconf 77' lang='lat' dir='ltr'>sepa</span> 
     </span>
    </p>
   </div>
   <div class='ocr_carea' id='block_1_4' title="bbox 0 0 1105 3567">
    <p class='ocr_par' dir='ltr' id='par_1_5' title="bbox 0 0 1105 3567">
     <span class='ocr_line' id='line_1_28' title="bbox 0 0 1105 3567; baseline 0 0"><span class='ocrx_word' id='word_1_190' title='bbox 0 0 1105 3567; x_wconf 95' lang='lat' dir='ltr'> </span> 
     </span>
    </p>
   </div>
  </div>
 </body>
</html>
