2167 3567
608 135 617 163 Ι

156 313 213 374 156
474 324 518 374 nu
539 325 704 374 onerose.
903 327 942 388 [u.
952 327 988 374 11.

199 491 262 548 qure
277 484 353 545 sunt,
368 491 430 548 quie
451 493 507 533 non
527 476 678 552 pariuntur
692 475 727 532 ab
741 485 863 547 oratore,
883 477 933 533 sed
949 475 988 534 ud

198 581 339 628 oratorem
356 571 474 628 acensi
495 583 579 646 etque
600 572 863 642 eredeseruntu13
884 572 986 645 ultera,
1082 588 1083 591 ’

199 683 261 741 quae
276 668 379 724 totuin
396 668 589 743 disputatione
608 680 637 727 et
658 668 903 746 argumentatione
923 687 989 726 oru-

199 763 268 822 toris
288 764 428 822 collocate
448 775 499 822 cet.
540 765 587 823 Ita
607 766 636 822 in
657 765 802 840 superiore
822 783 928 842 genere
947 765 987 822 de

168 860 356 917 etractnndis
378 862 562 937 argumentis,
583 862 613 918 in
637 862 693 919 hoc
719 872 814 919 autem
841 861 929 918 etiam
948 862 987 920 de

200 957 388 1030 inveniendis,
401 958 584 1034 cogitandum
595 967 659 1016 est..
688 959 785 1034 Atque
800 957 846 1014 isti
859 957 985 1034 quidem,

200 1053 249 1128 qui
270 1053 385 1124 docent,
401 1074 466 1111 cum
488 1073 590 1113 causes
609 1054 639 1112 in
659 1055 741 1130 plura
760 1073 867 1131 genera
886 1072 987 1111 secue-

200 1160 276 1221 runt,
298 1150 419 1227 singulis
445 1151 599 1227 generibus
619 1161 850 1227 argumentorum
870 1150 985 1225 copiam

200 1258 373 1324 suggerunt:
395 1248 470 1322 quod
491 1248 603 1304 etiamsi
618 1247 653 1304 ad
668 1246 857 1304 instituendos
878 1246 987 1308 odoles-

154 1355 184 1403 10
200 1344 330 1400 centulos
350 1343 441 1420 magis
461 1353 557 1418 aptum
571 1353 624 1413 est,
638 1352 680 1413 ut,
694 1342 778 1398 simul
794 1360 828 1398 ac
840 1342 934 1417 posita
948 1342 986 1399 rit

199 1459 296 1511 causa,
325 1440 457 1510 habeant,
484 1457 540 1514 quo
568 1456 599 1495 se
626 1438 759 1509 referant,
786 1439 863 1496 unde
888 1438 986 1495 statim

198 1535 332 1610 expedita
351 1535 459 1610 possint
482 1531 650 1611 argumenta
677 1535 859 1610 depromere,
887 1544 985 1592 tumen

198 1642 227 1688 et
251 1632 324 1688 tardi
352 1631 459 1708 ingenii
484 1641 536 1703 est,
554 1630 668 1688 'rivulos
694 1630 865 1701 consectari,
890 1630 986 1687 fontes

198 1745 292 1786 rerum
317 1747 375 1786 non
399 1727 511 1798 videre;
546 1737 575 1785 et
596 1726 655 1803 jam
680 1727 771 1784 aetutis
793 1738 838 1784 est
859 1725 986 1801 ustisque

153 1837 183 1884 15
198 1825 298 1895 nostri,
312 1825 441 1900 ecapite,
457 1825 531 1900 quod
547 1825 676 1895 velimus,
691 1843 845 1895 arcessere,
856 1822 895 1894 et,
906 1823 985 1880 unde

197 1921 294 1978 omnia
308 1933 433 1993 manent,
448 1923 553 1980 videre.

237 2019 275 2075 Et
296 2019 417 2094 primurn
439 2039 530 2096 genus
552 2018 621 2076 illud
638 2037 735 2076 eurum
750 2036 854 2088 rernm,
869 2036 932 2092 quoe
947 2017 984 2075 ud

197 2127 339 2173 oratorem
365 2117 540 2188 deseruntur,
563 2116 730 2173 meditatum
754 2115 838 2172 nobis
865 2116 894 2172 in
921 2133 984 2190 per·

196 2224 325 2288 petuum,
341 2213 376 2271 ad
397 2231 510 2270 omnem
532 2231 615 2269 usum
637 2211 772 2270 similium
793 2229 898 2280 rerum,
918 2229 984 2268 esse
1077 2232 1078 2255 i

149 2321 181 2368 20
197 2309 320 2366 debebit.
370 2309 446 2366 Nam
466 2328 517 2385 pro
541 2309 645 2366 tabuiis
663 2319 701 2365 ‘ct
727 2318 829 2364 contro
853 2308 983 2377 tubulas3

195 2422 247 2480 pro
268 2405 388 2460 testibus
408 2415 437 2460 et
457 2414 559 2460 contra
579 2414 680 2472 testes;
704 2421 756 2477 pro
775 2401 983 2477 questionibus

196 2507 224 2554 et
245 2509 343 2554 contra
364 2500 550 2572 questionem
572 2498 688 2555 etitem
709 2499 746 2554 de
765 2497 870 2554 ceteris
897 2497 983 2554 rebus

196 2592 323 2669 ejusdem
345 2593 469 2669 generis,
491 2593 534 2649 rel
556 2593 708 2667 seperatim
732 2592 830 2649 dicere
856 2591 982 2649 solemus

195 2691 231 2746 de
258 2709 365 2767 genere
396 2689 537 2760 universo,
565 2689 609 2747 vel
642 2689 758 2746 definite
792 2689 828 2746 de
861 2688 982 2765 singulis
1072 2732 1073 2735 η

149 2796 180 2845 25
196 2787 381 2863 temporibus,
409 2785 583 2855 hominibus,
617 2786 728 2842 causis:
762 2804 835 2860 quos
865 2784 981 2860 quidem

194 2884 276 2942 locos
298 2883 392 2958 (robis
413 2881 478 2953 hoc,
500 2882 587 2939 Cotta
607 2892 636 2938 et
656 2882 778 2957 Sulpici,
794 2882 876 2961 dico)
891 2882 980 2940 muitri

194 2979 439 3038 commentatione
461 2989 544 3053 utque
564 2970 751 3036 meditatione
769 2988 883 3054 paratos
895 2988 981 3052 etque

193 3075 342 3152 expeditos
368 3077 475 3135 hebere
500 3074 621 3134 debetis
674 3075 806 3152 Longum
833 3084 877 3133 est
900 3074 980 3134 euim

1076 2310 1078 2351 i
