2167 3567
131 329 189 391 tal
447 341 490 390 aa
511 339 674 390 manna
876 337 958 402 [au

174 486 278 565 Neque
297 487 374 550 enim
394 485 453 548 ulla
472 507 531 548 nou
557 487 674 564 propria
697 485 819 546 oratoria
836 495 882 546 eat
900 503 957 560 rea,

175 603 238 660 quae
251 583 366 659 quidem
380 593 479 644 ornate
493 583 552 642 dioi
565 584 744 661 graviterque
757 583 868 640 debeat

214 775 268 834 IX.
299 761 393 853 Hujus
414 786 466 847 eat,
481 775 511 834 in
532 776 628 834 dando
643 775 763 834 oonsilio
777 776 813 833 de
826 774 958 834 maximia

175 874 270 944 rebus,
292 892 358 930 oum
378 873 517 949 dignitate
538 872 679 947 explicata
700 871 856 942 sententia3
883 870 960 946 ejun-

146 968 241 1026 5dam
261 978 291 1026 et
303 968 471 1046 languentis
493 968 591 1043 populi
618 968 757 1040 incitatio,
778 978 807 1025 et
825 966 958 1025 effrenati

175 1063 342 1128 moderatio.
384 1064 494 1123 Eidem
514 1063 650 1123 facultate
670 1074 698 1120 et
718 1063 795 1122 fraus
807 1063 958 1123 hominum

176 1161 212 1218 nd
233 1160 399 1236 perniciem,
414 1171 442 1218 et
462 1159 610 1236 integritas
630 1159 666 1218 ad
685 1159 814 1231 salutem,
828 1170 956 1222 vocatur.

173 1256 252 1318 Quis
278 1256 420 1316 cohortari
448 1256 482 1314 ad
508 1257 641 1316 virtutem
668 1256 822 1327 ardentius,
849 1255 913 1330 quia
939 1273 961 1314 ι

175 1353 251 1412 vitiis
272 1353 365 1412 aurius
384 1371 528 1423 revocare,
549 1351 614 1426 quin
632 1352 792 1427 vituperare
812 1351 960 1427 improbos

132 1449 311 1524 rannerius,
325 1449 388 1522 quis
407 1448 524 1508 laudare
545 1449 636 1506 bonos
650 1447 788 1517 ornatius,
801 1447 866 1522 quis
878 1446 960 1521 oupi·

174 1545 292 1604 ditatam
306 1544 500 1605 vehementius
514 1543 645 1620 frangere
660 1543 832 1612 aoounaudo,
842 1544 956 1618 potenti

175 1639 238 1716 quis
258 1658 406 1698 maerorem
426 1639 520 1697 levare
540 1639 638 1696 mitiua
655 1639 850 1698 oonaolandol
889 1638 959 1697 Hia-

176 1735 251 1794 toria
275 1753 343 1794 tero
368 1735 449 1794 testis
466 1745 644 1811 temporum,
670 1735 720 1795 lux
744 1734 879 1806 veritatis,
898 1734 960 1792 vitu

176 1832 329 1906 memorio,
352 1831 582 1908 magistrante,
603 1831 705 1890 nuntia
720 1831 880 1904 uetustatis,
899 1830 957 1906 qui

132 1944 163 1994 15
176 1947 246 1986 vooe
266 1928 331 2000 uit,
352 1927 408 1986 nisi
431 1927 561 1999 oratoris,
582 1927 786 1986 immortalitati
812 1945 959 1985 commen-

175 2025 278 2084 daturi
318 2025 394 2082 Nam
415 2024 439 2082 ai
458 2043 515 2100 qua
534 2035 578 2084 eat
592 2043 636 2083 ara
650 2024 715 2095 alia,
729 2043 793 2098 qun
804 2025 956 2082 verborum

176 2131 223 2180 aut
251 2121 446 2180 faciendorum
478 2131 525 2178 eut
558 2120 774 2196 deligendorum
799 2119 956 2178 *scientiam

172 2217 352 2293 ·prolitaatur;
374 2227 422 2276 aut
440 2217 464 2274 si
484 2215 632 2291 quisquam
653 2216 767 2286 dieitur,
780 2216 835 2274 nisi
849 2226 956 2287 orator,

175 2314 295 2374 formare
315 2313 482 2384 orationem,
496 2330 616 2386 eamque
634 2312 744 2369 variare
759 2321 789 2369 et
802 2312 959 2388 distinguo·

130 2415 161 2464 ut
176 2430 206 2468 re
225 2409 306 2485 quasi
325 2409 494 2485 quibusdam
519 2408 669 2464 verborum
694 2407 958 2482 sententiarumque

174 2506 350 2581 insignibam
372 2514 421 2562 nut
433 2504 458 2562 ri
471 2504 516 2563 via
530 2503 596 2574 ulla,
611 2503 667 2562 nisi
683 2505 719 2561 ab
732 2503 787 2560 hau
807 2504 865 2567 und
886 2513 956 2574 arte,

175 2600 304 2672 traditur,
333 2610 381 2658 aut
407 2609 715 2676 argumentorumaut
740 2599 956 2672 sententiarum,

175 2706 225 2756 aut
243 2695 365 2770 deniquae
385 2694 586 2772 descriptionis
607 2705 691 2769 atque
716 2695 841 2765 ordinia;
869 2695 957 2754 saten-

175 2811 238 2850 ntur
257 2800 307 2849 aut
326 2791 390 2863 hoo,
404 2791 479 2866 quod
500 2790 563 2850 hoo
576 2809 622 2848 era
640 2790 816 2865 profiteatur,
831 2790 956 2852 alienum

130 2897 162 2948 25
174 2907 247 2960 ease,
269 2897 317 2948 aut
344 2906 410 2946 oum
437 2887 532 2962 aliqui
554 2886 611 2947 alit
630 2896 691 2946 arte
709 2904 773 2944 asae
792 2903 955 2944 oommune.

175 2984 233 3044 Sed
254 2983 278 3041 ni
298 2983 327 3042 in
348 2983 403 3042 huo
423 2983 481 3042 uni
500 2993 544 3042 est
562 3001 598 3042 ea
616 2983 689 3043 ratio
710 2992 795 3056 atque
813 2981 955 3053 doctrina,

174 3097 243 3152 non,
257 3079 282 3138 ai
296 3079 346 3154 qui
366 3079 483 3138 aliarum
503 3080 607 3140 artium
627 3080 700 3140 bene
718 3077 807 3139 loouti
826 3085 902 3150 sunt,
920 3096 956 3140 οο
