2167 3567
151 267 211 360 *174
471 310 514 360 ns
535 310 698 360 ortanum.
778 355 781 359 .
896 313 980 374 [nn
1080 292 1081 341 ἱ

198 457 277 529 bant,
298 457 460 516 habitdrunt
481 459 509 516 in
531 459 587 517 heo
606 460 663 518 uni
686 459 797 518 ratione
817 461 978 533 tractandi,

198 573 255 610 non
276 554 376 610 eidem
397 555 558 629 prudentiis,
579 556 635 629 qud
655 556 712 627 ille,
727 556 777 612 sed
798 575 850 612 usu
870 554 900 612 iu
921 555 979 613 hoo

198 667 255 706 uno
275 667 390 725 genere,
409 650 560 724 studioque
579 651 692 726 majore.
733 651 890 708 Carneadis
909 670 978 710 vero

196 745 238 800 vis
252 744 427 802 incredibilis
446 745 496 802 illa
515 744 640 816 diuendi,
654 755 683 802 ot
696 746 826 816 varietas,
840 765 976 821 perquam

165 849 182 898 5
196 852 271 898 esset
284 843 407 916 optanda
420 842 520 910 nobis3
542 841 590 915 qui
610 841 715 899 nullam
736 861 860 916 unquam
874 843 904 899 in
918 843 976 900 illis

196 937 255 994 suis
281 937 519 1013 disputationibus
552 955 613 994 rem
641 937 778 1008 defendit,
804 957 889 1012 quam
915 957 975 996 non

194 1033 337 1109 probdrit;
359 1033 464 1091 nullam
486 1033 667 1109 oppugnarit,
686 1051 771 1107 quom
790 1052 849 1090 non
869 1045 976 1092 everte·

194 1129 239 1185 rit.
281 1129 338 1186 Sed
359 1129 414 1186 hoo
435 1129 525 1203 majus
544 1141 588 1185 est
607 1128 751 1202 quiddam,
765 1147 850 1202 quam
873 1131 974 1202 abiis,

193 1225 241 1300 qui
256 1224 319 1282 hmo
332 1225 446 1282 tradunt
459 1234 488 1282 et
501 1224 615 1296 docent,
629 1224 827 1302 postulandum
840 1225 885 1284 sit

148 1422 178 1472 1⁰
231 1415 376 1473 XXXIX.
409 1415 472 1492 Eg'o
497 1427 601 1488 autem,
625 1416 758 1492 siquem
784 1430 863 1474 nuno
888 1417 974 1493 plane
1080 1466 1081 1475 ,

192 1512 291 1569 rudem
318 1511 427 1570 institui
455 1512 490 1568 ad
516 1512 671 1571 dicendum
692 1510 786 1583 velim,
806 1511 852 1569 his
876 1513 973 1590 potius
1080 1506 1081 1515 ¹

192 1606 300 1664 tradam
328 1607 457 1679 assiduis,
485 1599 541 1665 uiro
567 1623 655 1683 opere
684 1608 803 1665 eandem
836 1608 971 1666 inoudem

192 1703 267 1760 diem
288 1713 458 1776 noctemque
478 1704 672 1775 tundentibus,
687 1705 734 1778 qui
748 1722 848 1762 omnes
864 1705 973 1762 tenuis·
1080 1736 1081 1791 3

191 1799 276 1856 simas
289 1799 452 1874 particulas,
468 1810 552 1874 atque
565 1799 663 1857 omnia
679 1799 797 1858 minima
817 1819 925 1873 mensa,
939 1812 973 1858 ut
1080 1808 1081 1823 ¹

146 1899 176 1948 15
192 1894 317 1952 nutrices
337 1895 491 1953 infantibus
511 1895 617 1970 pueris,
638 1895 668 1953 in
687 1914 721 1953 os
741 1896 874 1954 inserant
915 1898 970 1955 Sin

190 1990 226 2046 sit
240 1989 274 2061 is,
288 1990 336 2066 qui
351 2000 379 2047 et
399 1989 530 2048 doetrind
549 1989 620 2046 milri
640 1989 795 2048 liberaliter
815 1991 981 2064 institutus,¹

190 2095 218 2143 st
233 2086 327 2161 aliquo
338 2086 396 2162 jam
411 2087 536 2144 imbutus
557 2105 620 2158 usu,
635 2097 665 2143 et
682 2086 752 2143 satis
773 2087 832 2144 aori
852 2087 971 2162 ingenio

189 2199 251 2238 esse
265 2182 409 2251 videatur;
431 2181 499 2238 illue
512 2199 578 2238 eum
594 2181 709 2256 rapiam,
723 2181 773 2239 ubi
786 2201 844 2238 non
858 2182 972 2243 seclusa

191 2278 284 2352 aliqua
310 2277 414 2351 aquula
445 2287 586 2348 tenentur,
614 2277 664 2334 sed
696 2277 773 2334 unde
805 2277 970 2336 universum

143 2377 175 2429 20
189 2373 293 2430 flumen
321 2383 466 2448 erumpat:
501 2373 549 2447 qui
582 2373 624 2430 illi
656 2373 748 2444 sedes,
775 2383 804 2430 et
833 2383 971 2448 tanquam

189 2469 335 2526 domicilia
352 2469 479 2530 omnium
501 2479 732 2544 argumentorum
752 2479 969 2541 commonstret,

187 2575 216 2624 et
229 2583 264 2623 ea
277 2565 399 2622 breviter
413 2564 542 2636 illustret,
557 2564 705 2638 verbisque
723 2565 846 2622 definiat
885 2565 970 2627 Quid

189 2660 265 2718 enim
279 2669 331 2733 est,
342 2661 372 2718 in
389 2678 447 2736 quo
465 2661 581 2732 haerest,
595 2660 643 2736 qui
656 2660 767 2731 viderit,
780 2679 876 2732 omne,
891 2661 969 2735 quod

188 2767 314 2814 sumatur
334 2755 362 2814 in
383 2757 513 2815 oratione
540 2766 589 2814 aut
612 2755 843 2832 adprobandum
864 2766 912 2814 sut
933 2757 970 2814 ad

141 2867 174 2917 25
187 2853 383 2926 refellendum,
398 2865 446 2911 aut
463 2873 504 2912 -ex
527 2854 579 2910 sud
603 2852 677 2910 sumi
699 2852 727 2909 vi
751 2862 835 2927 utque
855 2853 969 2925 naturis,

189 2958 236 3007 aut
258 2951 361 3008 assumi
382 2949 468 3007 forisl
509 2949 553 3008 Ex
569 2949 623 3008 sud
640 2949 678 3020 vi,
692 2967 760 3006 eum
780 2958 830 3006 uut
844 2967 890 3006 res
905 2969 968 3024 quaa

188 3045 225 3102 sit
237 3053 306 3118 tota,
320 3055 471 3120 quaeratur,
486 3052 535 3103 aut
553 3065 620 3124 pars
637 3045 709 3123 ejus,
730 3055 779 3104 aut
797 3044 970 3104 vocabulum
