2167 3567
135 320 173 379 lt
453 327 496 375 na
518 326 682 375 carrona.
893 328 965 387 [aa

178 476 440 553 quentissimorum,
464 487 493 534 et
519 476 599 535 omni
625 475 765 552 dignitate
789 473 963 551 principum,

178 572 370 647 disputatione
397 590 460 629 esse
481 583 608 630 versata:
635 590 694 629 non
714 571 791 647 quod
817 569 868 627 illa
894 589 966 627 con·

178 678 313 739 temnam,
335 688 397 745 quae
417 668 512 726 Greci
536 667 653 727 dicendi
673 667 797 725 artifices
816 676 846 723 et
865 666 966 724 docto·

178 782 224 821 res
258 764 449 838 reliquerunt;
490 764 551 835 sed,
586 782 652 821 curn
691 763 741 820 illa
771 773 898 838 pateant,
933 762 965 819 in

148 868 368 935 bprornptuque
394 860 451 917 sint
478 860 622 931 omnibus,
646 878 739 934 neque
766 878 801 915 ea
827 858 965 933 iuterpre-

178 956 287 1014 tatione
308 956 372 1013 med
393 967 441 1013 aut
461 955 590 1013 ornatius
610 955 748 1031 explicari
776 964 825 1012 aut
849 954 965 1029 planius

179 1052 299 1129 exprimi
319 1052 438 1129 possint,
460 1052 542 1110 dabis
563 1052 639 1109 banc
660 1051 782 1120 veniam,
803 1050 842 1107 rni
866 1049 964 1121 frater,

179 1158 211 1207 ut
225 1149 336 1226 opinor,
351 1160 382 1206 ut
403 1168 511 1220 eorum,
526 1148 630 1223 quibus
648 1166 759 1204 summa
772 1146 887 1203 dicendi
900 1147 966 1205 laus

181 1246 320 1303 anostris
341 1246 506 1303 hominibus
532 1263 671 1302 concessa
689 1253 743 1313 est,
764 1242 965 1300 auctoritatem

134 1350 165 1401 10
179 1341 290 1399 Graecis
304 1351 484 1415 anteponam.

217 1532 285 1589 Vll.
310 1532 385 1590 Cum
406 1532 493 1609 igitur
514 1531 711 1588 vehementius
731 1531 912 1590 inveberetur
930 1532 964 1589 in

180 1646 295 1685 causam
321 1628 483 1703 principum
510 1627 610 1685 consul
637 1627 793 1702 Philippus,
818 1628 964 1703 Drusique

179 1723 349 1793 tribunatus,
376 1742 428 1799 pro
455 1723 571 1781 senatuis
601 1724 771 1781 auctoritate
803 1735 962 1801 susceptus,

179 1819 296 1897 infringi
320 1820 378 1896 jam
399 1819 598 1893 debilitarique
619 1819 778 1890 rideretur;
805 1821 864 1878 dici
890 1821 963 1878 mihi

134 1925 165 1976 15
180 1916 306 1983 memini,
327 1915 459 1973 ludorum
480 1914 678 1973 Romanorum
698 1917 809 1986 diebus,
829 1916 862 1973 L.
878 1916 963 1974 Cras-

179 2030 252 2082 sum,
266 2012 347 2087 quasi
367 2011 522 2088 colligendi
543 2011 588 2068 sui
609 2013 707 2082 causi,
721 2030 752 2069 se
772 2012 802 2069 in
820 2012 962 2071 Tuscula-

179 2126 248 2167 num
269 2107 443 2165 contulisse:
463 2107 575 2165 venisse
594 2107 706 2179 eodem,
723 2106 819 2185 [socer
837 2109 962 2185 ejusqui

180 2205 295 2285 fueret]
313 2204 443 2266 Quintus
457 2202 575 2263 Mucius
595 2204 753 2276 dicebatur,
767 2215 796 2263 et
816 2204 858 2262 M.
873 2205 963 2264 Anto·

179 2302 255 2373 nius,
276 2303 363 2359 homo
383 2312 412 2359 et
433 2302 618 2360 consiliorum
639 2300 668 2358 in
689 2302 836 2377 republica
855 2303 961 2373 socios,

133 2409 164 2460 20
180 2408 209 2455 et
228 2398 339 2455 sununb
360 2417 425 2455 curn
446 2397 552 2454 Crasso
573 2396 762 2453 familiaritate
781 2397 961 2471 conjunctus

180 2490 316 2547 Exierant
337 2502 430 2547 autem
452 2509 518 2547 cum
546 2490 608 2564 ipso
634 2489 739 2547 Crasso
766 2490 962 2551 adolescentes

179 2583 247 2654 duo,
275 2582 362 2641 Drusi
395 2585 518 2641 maxime
551 2584 713 2655 familiares,
741 2596 770 2642 et
796 2585 825 2641 in
859 2588 962 2660 quibus

179 2698 312 2757 magnam
332 2687 393 2736 tum
414 2698 491 2754 spem
512 2680 632 2755 majores
652 2691 721 2738 natu
741 2680 887 2757 dignitatis
902 2702 962 2740 sue

180 2775 365 2847 collocarent,
380 2775 413 2833 Ο.
429 2774 524 2847 Cotta,
540 2775 589 2849 qui
603 2777 852 2836 tumtribunatum
869 2776 962 2851 plebis

134 2890 166 2941 25
180 2874 302 2951 petebat,
334 2882 363 2929 ot
396 2872 427 2928 P.
456 2871 611 2947 Sulpicius,
644 2870 692 2946 qui
726 2872 863 2947 deinceps
894 2890 961 2929 euro

180 2970 376 3047 magistratum
395 2967 534 3045 petiturus
554 2969 714 3043 putabatur.
756 2968 796 3025 Hi
810 2968 900 3044 primo
913 2967 962 3025 die

181 3065 217 3126 de
240 3068 415 3142 temporibus
439 3064 504 3137 illis,
529 3065 621 3141 deque
644 3064 777 3123 universb
804 3065 962 3143 republica,
