2167 3567
143 317 199 378 12⁰
459 329 503 376 nn
524 326 686 376 carrona
885 325 966 388 [nn.

187 495 270 536 nnus.
328 476 410 540 Quid
447 477 554 555 igiturl
588 477 719 553 inquam:
753 475 868 552 quando
899 492 968 552 agea

187 574 334 651 negotium
343 574 509 650 publicuml
529 575 644 649 qnando
655 574 832 632 amicoruml
851 572 967 648 qnando

186 672 287 728 tuuml
315 671 429 746 quando
453 670 577 745 denique
599 671 670 728 nihil
695 671 782 747 ngesl
811 679 872 726 turn
896 667 967 726 illud

188 766 300 822 addidi:
328 765 404 824 Mihi
424 767 501 824 enim
521 763 594 824 liber
614 781 677 823 esse
697 784 757 822 non
776 764 896 834 videtur,
917 763 966 839 qui

156 869 245 918 5non
273 863 423 938 aliquando
449 862 520 920 nihil
549 862 615 940 agit.
669 861 704 918 In
726 861 782 936 qui
802 877 965 937 permaneo,

187 959 299 1030 Catule,
320 959 477 1029 sententii3
505 977 616 1033 meque,
638 976 703 1016 cum
730 958 787 1014 huc
814 956 889 1028 veni,
909 956 966 1014 hoc

187 1055 278 1131 ipsum
305 1056 376 1112 nihil
405 1073 497 1132 agere,
525 1065 554 1112 et
579 1055 664 1130 plane
691 1070 812 1125 cessare,
833 1052 965 1110 delectat.

186 1151 273 1224 Nam,
290 1151 365 1226 quod
387 1151 519 1210 addidisti
539 1150 665 1223 tertium,
685 1169 736 1207 vos
755 1167 897 1220 eosesse,
917 1147 966 1223 qui

186 1247 272 1306 vitam
293 1247 438 1306 insuavem
458 1247 520 1304 sine
540 1246 585 1323 his
604 1246 705 1304 studiis
716 1245 863 1321 putaretis,
877 1245 905 1300 id
920 1263 967 1302 ma

142 1350 172 1398 10
186 1361 245 1400 non
272 1343 355 1400 modo
381 1361 442 1406 non
467 1343 595 1400 hortatur
622 1342 658 1400 ad
683 1342 892 1418 disputandum,
907 1339 966 1396 'sed

187 1439 272 1496 etiam
299 1438 430 1496 deterret.
484 1438 571 1510 Nam,
594 1448 627 1495 ut
653 1439 687 1496 C.
716 1437 855 1508 Lucilius,
879 1437 966 1493 homo

187 1534 289 1591 doctus
314 1544 344 1592 et
368 1534 555 1611 perurbanus,
577 1533 674 1590 dicere
696 1534 815 1604 solebat,
836 1551 881 1604 ea,
902 1551 967 1607 quae

187 1629 333 1702 scriberet,
356 1647 448 1704 neque
470 1630 506 1687 ah
526 1628 731 1688 indoctissimis
753 1647 795 1686 se·
810 1647 904 1703 neque
930 1629 967 1685 ah

187 1725 359 1783 doctissimis
373 1725 429 1802 legi
442 1725 530 1796 velle;
552 1725 628 1800 quod
648 1725 729 1782 alteri
742 1723 814 1781 nihil
827 1723 967 1800 intellige-

142 1833 172 1882 15
187 1832 259 1892 rent,
275 1821 354 1879 alteri
371 1822 433 1898 plus
455 1822 584 1894 fortasse,
597 1839 683 1895 quam
704 1820 780 1896 ipse3
801 1839 859 1894 quo
879 1820 966 1877 etiarn

186 1918 308 1993 scripsit,
324 1917 481 1974 “Persium
495 1936 554 1974 non
568 1935 639 1974 euro
652 1917 747 1994 legere
756 1918 786 1974 :''
809 1915 871 1993 (hic
888 1916 967 1972 enim

187 2014 249 2085 soit,
264 2024 296 2072 ut
311 2003 455 2085 ndramns,
469 2014 597 2072 omnium
618 2014 677 2071 fere
696 2023 858 2070 nostrorum
878 2011 968 2069 homi*

186 2110 474 2189 numsdoctissimus‘)
510 2109 659 2167 “Laelium
692 2108 845 2167 Decimum
871 2109 965 2180 volo,''

187 2207 285 2283 (quem
300 2206 486 2282 cognovimus
499 2206 589 2264 virum
608 2207 726 2277 bonnm,
739 2216 769 2263 et
781 2224 840 2262 non
854 2204 969 2264 illitera-

140 2303 171 2352 20
186 2313 256 2374 tum,
271 2304 321 2360 sed
334 2303 405 2360 nihil
421 2302 456 2361 ad
469 2302 613 2382 Persium)
623 2323 631 2372 ς
641 2303 695 2360 sio
709 2319 774 2379 ego,
788 2301 812 2358 si
824 2300 883 2378 jam
896 2301 967 2358 mihi

187 2399 388 2474 disputandum
416 2399 452 2457 sit
477 2399 514 2455 de
540 2398 585 2456 his
610 2398 716 2457 nostris
741 2397 852 2469 studiis,
878 2397 967 2456 nolim

187 2495 319 2569 equidem
340 2495 414 2570 apud
434 2494 565 2566 rusticos,
586 2492 636 2552 sed
655 2493 745 2552 multo
770 2493 866 2552 minus
893 2494 968 2569 apud

186 2609 252 2648 vos:
274 2590 349 2647 malo
368 2590 446 2646 enim
465 2607 524 2647 non
544 2589 666 2668 intelligi
686 2589 846 2648 orationem
862 2606 967 2662 meam,

185 2705 271 2763 quam
284 2685 461 2763 reprehendi.
486 2709 487 2716 ¹

140 2887 173 2938 25
226 2879 293 2938 vll.
324 2877 402 2936 Turn
430 2877 537 2950 Cesar,
558 2877 710 2954 Equidem,
730 2879 833 2955 inquit,
853 2880 968 2952 Catule,

184 2976 243 3053 jam
269 2975 340 3034 mihi
372 2974 470 3032 videor
502 2976 622 3034 navisse
655 2992 781 3053 operam,
807 2977 884 3052 qnod
910 2973 969 3034 hnc

187 3071 329 3131 venerim:
356 3079 423 3132 nam
443 3072 507 3132 hato
525 3071 588 3149 ipsa
606 3072 749 3132 recusatio
768 3071 968 3151 wambais
