2167 3567
145 346 226 414 nn]
251 412 253 416 f
425 351 468 403 un
490 353 652 434 onerose
916 345 977 405 128

146 503 222 561 volet
241 521 374 581 magnam
394 505 537 579 quandam
558 516 646 563 artem
667 523 730 563 esse
749 501 856 578 dicere,
870 523 929 562 non

147 600 321 676 repugnabo.
369 599 485 658 Etenim
512 619 579 658 cum
605 601 733 677 plerique
759 611 867 683 temere
894 619 929 658 ac

146 695 225 753 nulld
252 695 362 754 ratione
389 715 490 753 causas
517 697 547 753 in
574 697 637 754 soro
663 697 770 768 dicant,
798 697 929 755 nonnulli

147 801 242 848 autem
261 802 376 868 propter
396 793 639 864 exercitationem,
660 804 708 850 aut
727 805 841 869 propter
862 813 929 851 con·

144 887 328 945 suetudinem
356 887 488 962 aliquem,
511 889 643 946 callidius¹
666 889 694 946 id
719 889 841 960 faciant3
869 896 959 947 n0n5

144 992 191 1040 est
216 983 346 1055 dubium,
366 984 445 1059 quin,
466 977 574 1060 siquis
601 984 839 1058 animadverterit,
860 987 928 1060 quid

145 1079 193 1151 sit,
208 1096 295 1153 quare
317 1080 365 1137 alii
385 1081 486 1138 melius
506 1098 589 1155 quam
611 1080 659 1138 alii
676 1076 782 1152 dicant,
797 1081 825 1138 id
840 1083 929 1158 possit

146 1184 256 1234 notare.
297 1174 375 1252 Ergo
389 1175 419 1231 id
433 1175 480 1250 qui
499 1185 559 1233 toto
572 1175 602 1232 in
615 1193 721 1252 genere
741 1176 851 1248 fecerit,
866 1177 891 1234 is
904 1177 928 1234 si

146 1287 204 1329 non
224 1271 309 1346 plane
330 1281 428 1343 artem,
451 1282 478 1329 at
497 1271 578 1346 quasi
600 1282 687 1328 artem
715 1273 867 1346 quendam,
883 1273 930 1330 in·

147 1367 264 1425 venerit.
318 1367 414 1442 Atque
443 1367 563 1442 utinam,
590 1378 622 1425 ut
648 1368 719 1425 mihi
753 1368 802 1426 illa
833 1369 929 1426 videre
944 1380 975 1430 10

147 1463 254 1521 videor
266 1463 295 1521 in
316 1463 378 1522 loro
397 1474 481 1540 atque
502 1464 531 1521 in
553 1465 657 1536 causis,
672 1464 712 1522 ita
731 1483 819 1536 nunc,
833 1484 930 1541 qnem-

149 1559 302 1617 admodum
335 1578 370 1618 ea
401 1561 602 1638 reperirentur,
628 1579 742 1637 possem
772 1561 854 1619 vobis
883 1581 930 1620 ex·

146 1656 269 1732 ponere!
321 1678 323 1684 ¹
747 1674 749 1679 '

187 1752 246 1808 Sed
265 1752 302 1811 de
321 1771 367 1811 me
386 1753 509 1812 videm:-
521 1771 601 1812 nunc
620 1754 675 1813 hoc
694 1773 833 1838 propono,
854 1755 928 1830 quod

146 1846 218 1905 mihi
238 1849 376 1924 persuasi,
390 1849 518 1926 quamvis
540 1869 586 1908 ars
606 1869 665 1908 non
686 1851 732 1922 sit,
746 1862 842 1909 tamen
855 1851 927 1921 nihil
945 1848 975 1898 15

146 1961 210 2000 esse
223 1944 473 2019 persectooratore
485 1945 659 2022 preclarius.
699 1945 787 2018 Nam,
801 1957 832 2004 ut
847 1967 928 2004 usum

145 2039 264 2097 dicendi
283 2041 422 2114 omittam,
443 2041 492 2117 qui
515 2041 545 2099 in
566 2042 644 2099 omni
665 2043 767 2118 pacati
789 2052 818 2099 et
839 2043 929 2100 libers

144 2134 263 2194 civitate
284 2137 457 2209 dominatur,
475 2148 555 2195 tante
575 2138 731 2195 oblectatio
752 2148 795 2195 est
816 2139 846 2195 in
867 2139 929 2214 ipsa

145 2231 283 2290 facultate
303 2233 429 2304 dicendi,
443 2233 559 2312 utlnihil
579 2232 727 2290 hominum
748 2244 796 2291 aut
814 2233 929 2292 auribus

107 2317 124 2360 2
143 2337 197 2386 aut
222 2329 365 2387 mentibus
394 2330 551 2406 jucundius
581 2329 691 2406 percipi
717 2329 826 2406 possit
865 2329 928 2392 ttui
944 2331 975 2382 20

143 2424 224 2483 enim
245 2436 346 2484 cantus
366 2427 519 2486 moderatae
539 2425 676 2484 orationis
697 2425 928 2502 pronuntiatione

144 2520 258 2579 dulcior
272 2521 393 2578 inveniri
407 2524 519 2598 potestl
541 2523 617 2596 quod
638 2541 754 2580 carmen
776 2523 928 2580 artificiosi

145 2616 296 2675 verborum
318 2617 502 2676 conclusione
524 2619 636 2694 aptiusl
656 2619 705 2692 qui
726 2629 805 2676 actor
822 2618 851 2677 in
866 2619 928 2675 imi-

142 2712 243 2784 tanda,
260 2731 345 2787 quam
366 2724 461 2771 orator
483 2714 512 2772 in
534 2714 726 2789 suscipiendi,
747 2714 866 2771 veritate
884 2715 929 2791 jn·

142 2807 287 2865 eundiorl
333 2806 415 2869 Quid
443 2818 537 2866 autem
563 2808 704 2879 subtilius,
725 2827 810 2883 quam
837 2819 927 2866 acute
943 2815 975 2864 25

142 2903 311 2984 crebreque
330 2903 498 2962 sententiael
525 2904 594 2979 quid
617 2903 820 2973 admirabilius,
842 2922 927 2979 quam

142 3017 191 3058 res
205 2999 356 3076 splendore
378 2999 517 3058 illustrata
531 3001 704 3058 verborum?
723 3000 790 3074 quid
804 2999 926 3075 plenius,
1004 3025 1011 3038 ⁴

141 3100 230 3172 quam
262 3093 342 3154 omui
374 3113 469 3154 rerum
501 3113 607 3173 genere
640 3095 786 3153 cumulata
815 3097 927 3156 oratiol
