2167 3567
127 303 184 363 tto
444 315 486 362 uu
510 315 673 362 ortamno.
873 302 956 376 [um

172 462 299 532 sissime;
329 463 405 538 quod
432 464 547 539 quidem
573 465 753 539 eloquentem
777 463 820 520 vel
847 463 956 539 optime

172 559 267 618 lacere
293 571 414 636 oportet,
441 571 472 618 ut
498 560 690 635 eloquentiam
722 560 835 618 laudet:
868 561 955 616 debet

172 656 258 726 enirn,
274 656 308 713 ad
323 646 385 712 e'am
405 656 586 727 laudandam,
601 656 690 731 ipsam
712 656 788 712 illam
808 655 953 726 adhibere,

171 771 255 826 quam
276 753 380 810 laudat.
422 753 479 809 Sed
500 769 588 829 perge
611 771 713 828 porro:
740 751 793 808 tibi
814 752 891 808 euim
912 771 954 808 as·

138 855 154 904 5
171 847 286 920 sentior,
301 859 422 906 vestrum
438 867 500 905 esse
521 849 577 904 hoo
597 859 699 918 toturn,
713 847 818 904 diserte
839 848 952 917 dieere3

170 944 255 1019 idque
275 944 298 1001 si
319 944 382 1019 quis
403 945 432 1001 in
454 945 509 1002 alit
530 955 589 1002 arte
610 945 706 1016 faeiat,
730 961 797 1001 eum
827 954 952 1000 assumto

170 1039 284 1098 aliunde
310 1041 351 1098 uti
379 1041 465 1112 bono,
492 1060 549 1098 non
577 1040 701 1116 proprio,
728 1059 783 1097 neo
811 1059 872 1098 suo.
914 1039 953 1096 Et

170 1136 299 1209 Crassus,
314 1136 382 1193 Nox
395 1148 433 1207 te,
448 1137 550 1212 inquit,
565 1137 656 1207 nobis,
671 1124 792 1207 Antoni,
806 1135 951 1211 expolivit,

169 1232 369 1307 hominemque
391 1233 530 1290 reddidit:
558 1251 625 1290 nam
653 1233 786 1289 hesterno
810 1250 951 1302 sermone,

124 1335 153 1385 lo
169 1329 253 1386 unius
269 1329 416 1405 eujusdam
437 1329 540 1405 operia,
555 1339 587 1385 ut
601 1329 640 1386 ait
653 1328 799 1399 Caeoilius,
813 1328 951 1404 remigem

169 1425 291 1500 aliquem
313 1435 361 1484 aut
382 1425 517 1501 bajulum,
532 1425 777 1482 nobis'oratorem
796 1424 952 1499 descripse-

167 1539 223 1592 ras,
239 1521 352 1596 inopem
371 1522 512 1596 quendam
534 1520 718 1578 humanitatis
739 1531 823 1594 atque
838 1521 952 1578 inurba-

168 1635 245 1674 num.
294 1617 372 1674 'l'um
392 1617 547 1686 Antonius,
569 1617 641 1673 Heri
662 1617 749 1687 enim,
771 1617 873 1690 inquit,
895 1617 952 1674 hoo

167 1712 237 1770 mihi
257 1731 468 1788 proposueram,
484 1724 524 1784 ut,
539 1713 563 1773 si
584 1723 613 1770 te
623 1713 810 1784 refellissem,
827 1713 878 1770 hos
892 1732 910 1770 a
922 1723 952 1772 te

121 1817 152 1867 15
167 1809 321 1884 discipulos
336 1809 524 1868 abducerem:
545 1828 633 1880 nuno,
647 1809 753 1866 Catulo
774 1809 908 1886 audiente
921 1820 951 1868 et

166 1905 289 1977 (lunare,
304 1905 401 1964 videor
415 1905 519 1964 debere
537 1924 596 1963 non
616 1915 674 1962 tam
694 1924 823 1982 pugnare
843 1917 950 1979 teeum,

166 2017 260 2076 quam,
275 2001 342 2076 quid
357 2000 417 2076 ipse
432 2001 563 2073 sentiam,
577 2001 682 2059 dicere.

171 2113 173 2125 ¹
207 2097 340 2171 Sequitur
355 2097 450 2174 igitur,
466 2097 600 2170 quoniam
617 2097 757 2154 nobisost
771 2097 829 2168 hio,
843 2098 951 2172 dequo

166 2192 317 2266 loquimur,
339 2193 368 2250 in
390 2192 450 2250 soro
477 2203 562 2268 atque
582 2193 612 2250 in
632 2193 725 2250 oeulis
752 2193 857 2260 civium
882 2212 952 2251 oon·

118 2287 150 2338 θ]
167 2289 335 2360 stituendus,
350 2299 381 2347 ut
399 2288 554 2360 videamus,
576 2289 643 2363 quid
664 2290 691 2346 ei
712 2290 818 2366 negotii
838 2290 949 2362 demus,

167 2384 271 2459 eoique
297 2401 363 2442 eunt
389 2385 501 2444 muneri
523 2385 643 2441 velimus
669 2403 732 2442 esse
756 2386 948 2462 prepositum.

166 2479 242 2537 Nam
265 2480 385 2537 Crassus
409 2480 480 2551 heri,
502 2499 568 2538 oum
588 2499 648 2552 vos,
668 2482 772 2539 Catule
792 2493 822 2539 et
842 2482 948 2555 Caesar,

166 2595 222 2634 non
239 2576 383 2646 adessetis,
397 2577 492 2652 posuit
506 2577 629 2634 breviter
642 2577 671 2633 in
687 2577 755 2634 artis
774 2578 950 2636 distributio·

167 2691 204 2730 ne
218 2672 303 2744 idem,
318 2673 394 2747 quod
407 2673 502 2730 Graeoi
516 2673 644 2749 plerique
663 2685 835 2750 posuerunt:
856 2693 950 2751 neque

118 2772 149 2822 25
166 2787 235 2826 saue
254 2767 322 2844 quid
343 2767 403 2844 ipse
423 2769 551 2839 sentiret,
566 2770 616 2826 sed
630 2770 698 2844 quid
714 2771 750 2827 ab
763 2770 819 2827 illis
837 2772 950 2828 dicere·

165 2875 221 2937 tur,
250 2864 390 2922 ostendit:
424 2864 482 2922 duo
507 2865 599 2940 prima
624 2885 732 2942 genera
760 2867 949 2941 questionum

166 2980 238 3034 erre,
266 2962 296 3020 in
329 2962 432 3038 quibus
464 2961 627 3036 eloquentia
658 2974 826 3036 versaretur,
859 2971 949 3020 unum

166 3057 318 3133 inlinitum,
355 3058 476 3119 alterum
511 3067 631 3119 eertum
694 3058 841 3119 Infinitum
876 3057 950 3122 milri
