2167 3567
147 321 203 381 17⁰
464 333 508 380 nn
530 333 693 380 carious.
892 334 975 394 [nn

192 489 273 557 cepta
293 479 418 552 dicendi,
438 491 468 539 et
488 483 613 540 habeant
629 492 758 558 paratum
777 491 882 553 tamen,
904 483 975 560 quid

191 579 226 634 de
241 578 352 652 qudque
366 596 396 635 re
411 578 515 636 dicant.
557 579 614 636 Sed
635 579 805 637 Aristotelea
824 578 873 656 (is,
887 596 974 654 quern

191 673 312 730 maxime
332 692 387 750 ego
408 675 545 754 admiror)
565 675 711 752 proposuit
731 675 868 750 quosdam
881 675 973 747 locos,

191 770 347 844 exquibus
370 771 461 828 omnia
489 772 648 848 argumenti
674 771 729 842 via,
750 790 809 828 non
829 770 973 828 modoad

158 866 421 942 5philosophorum
459 866 690 943 disputationem,
725 867 776 924 sed
812 867 899 924 etiem
935 867 972 924 ad

191 963 274 1033 hanc,
292 963 348 1037 qud
369 963 398 1020 in
419 964 512 1020 causis
532 964 648 1034 utimur,
670 963 860 1021 inveniretur:
881 981 973 1038 aquo
1078 1014 1080 1037 ,

189 1059 304 1134 quidem
325 1059 440 1117 homine
456 1059 633 1135 jamdudum,
648 1059 768 1131 Antoni,
783 1077 841 1116 non
860 1060 972 1116 aberrat

190 1156 281 1212 oratio
295 1165 353 1226 tua,
369 1156 471 1214 sivetu
486 1155 672 1212 similitudine
693 1155 770 1213 illius
789 1155 878 1212 divini
892 1156 972 1232 inge·

189 1251 230 1308 nii
254 1251 282 1308 in
307 1252 406 1308 eadem
431 1251 554 1308 incurris
576 1251 706 1328 vestigia,
730 1251 789 1308 sire
812 1251 897 1308 etiam
922 1250 972 1310 illa
1078 1240 1079 1271 l

143 1355 173 1404 10
189 1347 249 1424 ipsa
269 1347 363 1424 legisti
384 1359 467 1423 atque
487 1347 630 1417 didicisti;
650 1347 726 1423 quod
746 1347 860 1422 quidem
879 1348 971 1424 magis

188 1443 340 1501 verisimile
360 1444 479 1501 videtur.
519 1443 589 1501 Plus
608 1444 684 1500 enim
704 1453 734 1501 tc
753 1461 847 1519 opera
859 1443 971 1505 Granis

188 1537 300 1595 dedisse
326 1539 411 1596 rebus
437 1539 530 1610 video,
552 1558 636 1614 quam
663 1540 836 1614 putaremus.
890 1539 970 1596 Tum

188 1633 245 1705 ille,
260 1635 377 1705 Verum,
399 1635 501 1711 inquit,
522 1648 558 1692 ex
571 1655 617 1692 me
631 1637 738 1705 audies,
757 1633 876 1693 Catule:
897 1653 970 1693 sem·

186 1747 236 1805 pcr
257 1749 311 1808 ego
331 1731 499 1802 existimavi,
517 1731 718 1806 jucundiorem
743 1743 773 1790 et
797 1731 971 1808 probabilio-

141 1834 171 1883 15
187 1845 244 1884 rem
273 1827 340 1885 huic
366 1826 471 1904 populo
495 1837 635 1885 oratorem
659 1827 727 1899 fore,¹
751 1828 810 1902 qui,
835 1827 968 1904 primurn,

186 1941 269 1998 quam
290 1924 435 1980 minimam
457 1923 570 1981 artificii
591 1923 720 1999 alicujus,
736 1923 840 1980 deinde
859 1925 968 1982 nullam

184 2019 350 2076 Graecarum
364 2037 468 2091 rerum,
483 2019 721 2097 significationem
742 2018 830 2077 daret.
871 2020 968 2096 Atque

185 2133 238 2191 ego
260 2114 334 2172 idem
355 2115 521 2186 existimari,
536 2115 656 2191 pecudis
673 2133 744 2186 esse,
759 2133 817 2172 non
831 2115 967 2188 hominis,

184 2229 250 2267 cum
271 2221 363 2268 tentas
382 2231 428 2269 res
443 2211 541 2269 >Greci
557 2210 742 2286 susciperent,
756 2212 966 2286 profiterentur,

137 2315 169 2364 20
185 2318 309 2383 agerent,
324 2327 441 2384 seseque
455 2318 484 2364 et
497 2307 612 2364 videndi
631 2326 676 2364 res
695 2308 923 2379 obscurissimas,
937 2319 967 2366 et

184 2402 256 2458 bene
270 2403 391 2475 vivendi,
405 2415 434 2460 et
448 2404 563 2479 copiose
582 2403 698 2461 dicendi
718 2402 857 2460 rationem
876 2405 967 2461 homi·

182 2497 266 2555 nibus
294 2499 407 2556 daturos
430 2499 640 2574 pollicerentur,
662 2518 718 2559 non
739 2500 890 2558 admovere
916 2519 966 2559 au·

182 2611 252 2664 rem,
273 2603 310 2664 et,
331 2594 355 2650 si
375 2595 467 2670 palam
490 2595 588 2652 audirc
614 2613 665 2652 eos
690 2613 748 2652 non
777 2597 905 2667 auderes,
919 2615 965 2654 -ne

181 2688 325 2744 minueres
352 2689 426 2764 apud
452 2699 516 2759 tuos
543 2689 621 2748 cives
648 2690 843 2748 auctoritatem
872 2701 962 2762 tuam,

134 2801 166 2850 25
181 2783 421 2842 subauscultando
441 2795 535 2842 tamen
556 2787 688 2862 excipere
708 2802 794 2844 voces
809 2805 918 2859 eorum,
932 2798 962 2846 et

179 2882 290 2956 procul,
312 2866 380 2955 quid
403 2891 561 2951 narrarent,
582 2882 744 2939 attendere:
772 2883 866 2958 itaque
892 2884 959 2955 leci,

180 2975 292 3048 Catule,
306 2986 335 3034 et
351 2976 467 3034 istorum
488 2976 614 3034 omniurn
635 2977 796 3036 summatim
817 2998 917 3038 causas
930 2989 961 3037 et

179 3089 286 3147 genera
299 3071 359 3148 ipsa
371 3071 488 3149 gustari.
