2167 3567
125 279 205 339 uun
405 279 447 326 nn
469 279 632 326 corrone.
895 273 952 332 113

124 430 248 506 cognitis
268 429 353 487 rebus
373 430 515 503 omnibus,
529 449 592 507 que
607 431 642 488 od
657 441 765 490 tontum
783 431 911 507 pruden'·‹

123 527 191 584 tiam
225 528 408 604 pertinerent,
436 537 600 602 tantamque
632 529 748 586 dicendi
782 528 905 603 copiam,

124 635 229 698 quanta
256 625 285 681 in
311 624 366 682 illis
394 625 487 695 luerit,
515 643 574 682 non
600 626 726 700 potuisse
760 627 904 684 confirmo.

122 720 193 781 Quo
219 720 305 777 etiam
332 720 387 778 seci
414 720 559 792 libentius,
583 731 615 778 ut
641 739 707 778 eum
733 723 903 793 sermonem,

122 835 206 892 quern
228 817 269 874 illi
290 817 433 891 quondam
454 817 528 874 iuter
542 836 572 874 oe
587 816 623 873 de
637 817 681 874 his
694 818 779 874 rebus
792 818 906 876 habuis·
918 825 936 873 5

122 922 195 983 cent,
217 914 381 972 mandarem
401 913 507 970 literis:
529 913 573 970 tel
594 924 625 970 ut
645 913 694 971 illc
712 913 820 989 opinio,
841 933 905 989 qum

122 1029 232 1087 semper
253 1010 361 1081 suisset,
379 1010 535 1081 tolleretur,
558 1009 676 1067 alterum
697 1027 755 1067 non
775 1011 905 1069 doctissi-

122 1125 210 1178 mum,
227 1106 345 1164 alterum
358 1107 442 1182 plane
459 1107 617 1176 indoctum,
632 1106 719 1163 fuisse
728 1127 735 1176 ;
756 1107 799 1164 vel
815 1118 846 1165 ut
858 1126 903 1179 ec,

121 1223 184 1280 quae
204 1205 396 1262 existimarem
417 1223 434 1260 c
453 1204 572 1260 summio
598 1203 758 1261 oratoribus
785 1203 820 1260 de
847 1204 905 1261 elo-

122 1301 239 1375 quentie
260 1300 394 1357 divinitus
414 1317 476 1356 esee
498 1299 586 1370 dictu,
607 1285 780 1358 custodirem
803 1299 951 1370 literie,10

122 1395 145 1452 si
166 1393 224 1453 ullo
245 1393 330 1452 modo
357 1395 468 1469 assequi
496 1394 705 1471 complectique
730 1395 903 1470 potuissem

121 1491 176 1562 vel,
196 1490 369 1562 mehercule,
401 1491 487 1548 etiam
514 1501 546 1547 ut
572 1490 685 1548 leudem
711 1508 821 1562 eorum,
845 1491 904 1568 jam

121 1606 210 1663 prope
237 1595 443 1658 senescentem,
471 1597 608 1661 quantum
636 1604 691 1664 ego
717 1605 840 1663 possem,
868 1588 906 1645 rb

120 1683 263 1741 oblivione
285 1682 430 1739 homlnum
452 1693 536 1758 etque
557 1683 700 1741 aeilentic
719 1684 902 1742 vindicarem

122 1779 151 1838 N
154 1799 208 1850 arn,
223 1779 246 1837 ui
261 1799 295 1836 ex
309 1779 575 1856 scriptiscognosci
588 1780 642 1854 ipsi
656 1781 715 1836 suis
733 1781 902 1856 potuissent,
921 1781 951 1830 15
999 1825 1001 1828 Α
1061 1819 1073 1838 ·.

121 1875 216 1934 miuus
236 1875 292 1933 hoc
313 1876 430 1933 fortasse
450 1875 520 1934 mihi
540 1894 604 1933 esee
616 1875 761 1951 putissem
775 1877 904 1934 loboran-

122 1972 206 2029 dum:
228 1973 287 2044 sed,
303 1991 369 2029 oum
384 1971 453 2029 ulter
472 1991 529 2028 non
551 1972 669 2029 multum
685 1970 773 2048 (quod
787 1973 902 2048 quidem

121 2072 268 2149 exstaret),
287 2079 328 2142 et
355 2068 384 2125 id
412 2069 503 2143 ipsum
531 2069 707 2139 adolescens,
736 2067 805 2127 ulter
831 2070 902 2128 nihil

122 2165 274 2222 admodum
299 2164 397 2241 scripti
420 2163 596 2238 reliquisset;
625 2163 722 2220 deberi
744 2165 800 2221 hoo
821 2183 837 2222 a
857 2183 904 2222 me

121 2261 207 2317 tentis
226 2260 374 2316 hominum
396 2259 518 2336 ingeniis
539 2258 646 2333 putavi,
668 2268 708 2328 ut,
730 2277 795 2315 cum
816 2259 903 2317 etium
919 2265 951 2315 2⁰

121 2353 199 2414 lrunc
213 2357 304 2413 vivum
326 2356 437 2414 illorum
459 2354 623 2412 memoriam
641 2364 814 2425 teneremus,
829 2355 904 2413 lranc

121 2453 310 2510 immortalem
337 2453 495 2522 redderem,
516 2451 540 2508 oi
560 2469 683 2526 possem.
730 2450 819 2513 Quod
848 2452 904 2510 hoc
974 2495 977 2500 -

121 2549 207 2606 etiarn
222 2567 271 2625 spe
285 2549 435 2625 'aggredior
453 2547 560 2623 majore
581 2547 616 2604 od
635 2549 823 2622 probandum,
838 2549 904 2624 quic

121 2663 178 2703 nou
198 2646 234 2702 de
255 2647 317 2702 Ser.
337 2645 436 2702 Garbe
457 2652 506 2702 cut
526 2644 559 2701 C.
581 2643 723 2702 Corbonio
740 2644 903 2720 eloquenti&

120 2741 216 2800 scribo
231 2741 346 2816 uliquid,
361 2741 391 2798 in
405 2758 462 2816 quo
475 2741 562 2798 liceat
575 2740 645 2798 milri
667 2740 783 2817 fingere,
798 2740 903 2816 siquid
920 2747 952 2797 25

120 2839 215 2909 velim,
233 2837 339 2895 nullius
359 2837 497 2896 memorii
515 2837 574 2913 jum
594 2837 757 2894 refellente:
778 2838 828 2894 oed
848 2837 904 2895 edo

121 2934 193 3008 hec,
215 2934 250 2993 iis
270 2934 480 3014 cognoscendo,
497 2934 547 3010 qui
566 2952 617 2992 eos
637 2925 722 3009 ipson,
744 2933 904 3009 dequibus

122 3048 143 3080 ο
358 3029 422 3088 10*
