2167 3567
153 327 192 386 86
471 339 512 384 us
534 337 696 384 carrona.
907 337 947 396 [ι.
958 337 982 383 1.

196 484 237 542 uti
257 486 347 562 possit
367 485 396 543 in
416 486 511 543 causis
531 485 692 543 forensibus
711 494 796 560 atquo
818 485 982 542 communi·

195 581 256 639 bus.
299 581 386 638 Hunc
400 600 454 658 ego
471 581 580 657 appollo
599 593 749 653 oratorem,
770 599 891 661 eumque
912 599 981 638 csse

195 688 332 753 praterea
352 676 521 734 instructum
542 695 623 747 voce,
645 687 673 734 et
694 678 816 747 actione,
830 686 859 733 et
878 677 979 752 lepore

195 773 328 848 quodam,
350 772 420 829 volo.
461 772 583 830 Crassus
602 791 669 829 vero
691 771 762 829 mihi
782 782 878 829 noster
898 773 978 831 visus

166 873 238 926 best
257 869 377 926 oratoris
398 869 561 926 facultatem
582 887 638 926 non
659 869 734 926 illius
754 867 822 926 artis
835 869 977 941 terminis,

195 965 245 1022 sed
266 965 372 1042 ingenii
394 965 438 1022 sui
458 965 572 1036 finibus,
592 965 738 1022 immensis
758 983 849 1040 pens,
869 965 978 1022 descri-

195 1061 278 1118 bers:
312 1079 378 1118 nam
408 1071 437 1118 et
470 1061 617 1119 civitatum
650 1060 837 1138 regendarum
868 1061 976 1120 oratori

194 1157 388 1234 gubernacula
408 1158 550 1215 sententia
569 1157 621 1214 sui
642 1157 773 1226 tradidit;
798 1157 827 1214 in
848 1176 904 1232 quc
922 1175 975 1233 per

194 1254 264 1310 mihi
285 1254 386 1310 mirum
401 1254 490 1310 visum
511 1263 563 1325 cst,
578 1252 716 1324 Scaevnla,
730 1262 759 1310 te
772 1253 828 1310 hoc
849 1254 889 1311 illi
908 1271 976 1312 con·

151 1357 182 1406 10
195 1350 313 1420 cedere;
349 1369 413 1408 curn
442 1350 596 1424 sepissime
622 1350 674 1407 tibi
701 1359 826 1420 senatus,
850 1350 975 1411 breviter

195 1445 374 1520 impoliteque
394 1444 512 1515 dicenti,
528 1444 657 1501 maximis
676 1443 713 1501 sit
733 1443 866 1502 derebus
881 1465 975 1503 assen-

193 1559 249 1598 sus.
292 1539 333 1596 M.
358 1551 425 1597 'verc
452 1541 588 1611 Scaurus,
610 1560 693 1615 quem
720 1559 778 1598 non
803 1541 888 1618 longe
914 1540 974 1599 ruri

195 1636 268 1710 apud
297 1653 327 1692 se
354 1655 416 1692 essc
448 1636 543 1706 audio,
570 1637 611 1694 vir
644 1636 775 1712 regende
808 1637 974 1712 reipublicae

196 1732 411 1804 scientissimus,
444 1733 467 1789 si
502 1732 632 1803 audierit,
665 1733 740 1790 hanc
777 1733 973 1792 auctoritatem

151 1839 182 1888 15
195 1828 340 1903 gravitatis
360 1838 388 1884 et
408 1827 520 1886 consilii
541 1828 585 1885 sui
605 1828 743 1885 vindicari
764 1849 781 1886 a
800 1839 838 1901 tc,
859 1829 972 1903 Crasse,

196 1923 269 1997 quod
297 1943 359 1980 eam
386 1925 506 1982 oratoris
531 1924 674 2000 propriam
701 1943 764 1981 esse
790 1925 886 1997 dicas;
913 1927 973 2004 jun

196 2017 309 2098 (credo)
322 2019 379 2077 huc
390 2021 494 2092 veniat,
505 2031 533 2077 et
544 2022 619 2078 hanc
632 2020 832 2094 loquacitatem
847 2031 973 2080 nostram

194 2114 271 2171 vultu
299 2114 360 2189 ipso
388 2125 560 2190 aspectuque
591 2124 769 2173 conterreat:
806 2115 854 2190 qui
886 2135 973 2191 quan·

194 2229 278 2284 quarn
305 2220 348 2267 cst
375 2211 404 2268 in
431 2211 554 2268 dicendo
586 2211 704 2268 minime
737 2212 971 2284 contemnendus,

149 2306 344 2382 mprudentia
357 2316 452 2364 tamen
473 2326 567 2364 rerum
589 2325 755 2384 magnarum
777 2309 867 2384 magis
887 2327 973 2383 quam

194 2401 310 2459 dicendi
324 2412 383 2460 arte
397 2403 503 2460 nititur.
544 2403 648 2477 Neque
656 2421 737 2473 ¹vero,
753 2403 777 2460 si
791 2403 854 2478 quis
868 2413 973 2460 utrum·

194 2515 249 2572 que
271 2506 373 2573 potest,
399 2507 446 2555 ant
470 2497 517 2554 illc
540 2497 653 2555 consilii
676 2497 785 2573 publici
809 2509 916 2569 auctor,
938 2517 973 2556 ac

195 2602 308 2650 senator
322 2593 423 2664 bonus,
438 2593 475 2649 ob
489 2611 552 2649 eam
567 2594 656 2668 ipsam
671 2612 785 2651 causam
805 2603 900 2651 orator
912 2604 955 2652 est
963 2616 971 2666 ;

195 2698 243 2746 aut
264 2688 312 2745 hic
333 2687 454 2746 disertus
476 2698 560 2763 atque
579 2688 722 2765 eloquens,
745 2689 769 2746 si
790 2699 833 2746 est
853 2690 927 2747 idem
942 2690 972 2748 iu

149 2806 181 2854 25
194 2784 394 2860 procuratione
415 2784 538 2841 civitatis
565 2787 705 2861 egregius,
726 2785 804 2844 illam
824 2785 972 2844 scientiam

194 2880 310 2938 dicendi
331 2880 414 2956 copia
434 2889 477 2938 cst
496 2877 677 2938 consecutus.
717 2881 841 2940 Multum
856 2882 973 2940 interos

195 2976 300 3034 distant
321 2976 380 3034 istae
408 2975 566 3047 facultates,
586 2976 728 3053 longeque
753 2987 819 3034 sunt
845 2977 971 3049 diverse,

198 3082 281 3148 atque
307 3072 458 3148 sejunctae3
491 3089 584 3147 neque
602 3072 708 3129 eidem
732 3071 844 3130 ratione
863 3071 972 3130 acuit
