2167 3567
105 305 181 367 cr]
396 308 440 359 un
461 309 625 358 corrone
904 296 946 357 w

105 469 167 513 nes
182 454 213 511 in
224 454 361 527 dicendo,
372 466 401 515 et
410 457 583 533 perpolitos:
603 456 647 515 vel
660 467 774 517 nostros
786 457 899 517 decem·

109 551 201 622 viros,
229 553 280 628 qui
313 553 383 610 XII.
417 544 527 611 tubulus
560 554 796 630 perscripserunt,
828 572 899 631 quos

107 666 233 706 necesse
255 658 298 706 est
319 649 406 707 fuisse
425 650 590 724 prudentes,
606 660 779 727 anteponunt
794 651 825 709 in
843 651 898 712 hoo

103 762 222 820 genere
242 756 271 803 et
292 746 354 803 Ser.
375 746 485 818 Garbe,
506 756 536 803 et
555 764 654 805 socero
674 757 724 805 tuo
744 747 778 803 G.
799 747 897 819 helio,

104 858 187 914 quos
207 852 321 899 constet
342 842 459 899 dicendi
479 842 571 918 gloriis
591 843 763 919 prestitisse.
816 843 930 902 Nun-5

104 954 200 1010 quarn
221 938 299 993 enim
319 938 442 1014 negabo,
456 957 518 995 esee
534 940 670 1013 quosdam
684 950 758 997 ortes
771 939 898 1016 proprius

104 1050 225 1105 eorum,
239 1033 288 1109 qni
303 1034 333 1091 iu
347 1034 391 1091 his
407 1034 618 1110 cognoscendis
638 1045 722 1109 utque
742 1036 899 1094 trsctundis

105 1130 242 1187 studium
262 1148 345 1187 suurn
369 1148 454 1189 omne
480 1141 654 1206 posuerunt:
680 1131 731 1189 sed
758 1141 899 1190 orutorem

105 1224 231 1299 plenum
260 1234 344 1300 etque
369 1225 527 1301 perfeetum
547 1244 611 1283 esse
630 1243 697 1283 eum
724 1225 829 1297 dicum,
849 1225 899 1301 qui

105 1320 147 1379 do
161 1321 299 1379 omnibus
311 1322 397 1379 rebus
409 1322 499 1397 possit
511 1322 589 1381 varie
608 1321 779 1398 copioseque
792 1323 897 1381 dicere.
914 1331 945 1383 1⁰

151 1514 237 1571 XIV.
260 1514 375 1573 Etenim
395 1532 469 1591 sepe
490 1514 520 1573 iu
541 1514 577 1573 iis
596 1515 702 1589 causis,
715 1535 786 1591 quus
797 1534 898 1575 omnes

109 1611 245 1685 proprius
264 1628 327 1669 esse
346 1621 491 1669 oratorum
515 1612 695 1684 confitentur,
717 1622 760 1671 est
780 1613 897 1689 aliquid,

108 1707 191 1781 quod
213 1726 273 1763 non
286 1726 322 1764 ex
335 1726 388 1765 usu
403 1707 519 1779 forensi,
535 1726 618 1782 quern
631 1710 724 1767 solum
738 1710 899 1769 oratoribus

110 1803 288 1874 conceditis,
302 1804 352 1859 sed
370 1822 405 1859 err
425 1804 591 1862 obscuriore
611 1804 707 1879 orique
726 1805 847 1865 scientii
860 1806 899 1863 sit

110 1898 306 1975 promendum
334 1908 418 1973 atque
443 1900 624 1959 sumendum.
669 1900 787 1963 ,Quaero
811 1902 946 1973 enim,15

112 2014 186 2053 num
219 1995 310 2071 possit
337 2004 385 2053 sut
413 2005 513 2054 contre
546 1996 746 2071 imperatorem
774 2008 822 2055 eut
847 2012 900 2074 pro

113 2090 288 2167 imperatore
308 2092 377 2163 dici,
392 2092 454 2149 sine
474 2092 516 2151 rei
535 2093 668 2151 militaris
685 2113 750 2166 usu,
764 2104 813 2152 out
825 2113 901 2169 saepe

114 2187 202 2245 etiarn
225 2188 287 2245 sine
308 2188 457 2265 regionum
478 2188 655 2247 terrestrium
679 2200 728 2246 eut
751 2189 902 2247 maritime·

112 2302 180 2341 rum
200 2284 341 2341 scientis:
369 2303 438 2343 nuni
466 2284 541 2360 opud
567 2284 714 2360 populum,
734 2284 771 2341 de
789 2285 902 2360 legibus

110 2379 251 2457 jubendis
271 2390 319 2438 eut
339 2380 484 2437 vetandis:
505 2398 574 2437 num
596 2380 626 2437 in
645 2389 747 2437 senatu
767 2379 803 2437 de
823 2380 901 2438 omni
916 2386 948 2436 ω

113 2475 285 2550 reipublice
311 2492 417 2552 genere
446 2473 531 2555 [dici]
567 2475 630 2534 sine
663 2473 774 2533 somnii
806 2494 902 2534 rerunr

113 2571 248 2629 civilium
268 2571 443 2648 cognitione,
464 2581 493 2629 et
514 2572 683 2647 prudentii:
714 2591 783 2631 num
807 2574 902 2631 admo·

114 2667 179 2725 veri
205 2667 294 2742 possit
320 2667 413 2725 oratio
440 2668 476 2725 od
503 2688 604 2727 seusus
630 2668 790 2727 animorum
817 2679 902 2743 atque

115 2772 214 2821 motus
235 2762 278 2819 vel
299 2762 527 2836 inflammandos,
548 2764 592 2821 vel
613 2764 699 2822 etism
720 2764 903 2840 exstinguen-

117 2859 182 2929 dos,
208 2857 298 2934 (quod
325 2878 413 2917 unum
438 2859 469 2917 in
492 2870 605 2919 orstore
628 2858 819 2937 dominetur),
839 2858 901 2917 sine
917 2866 948 2917 25

117 2954 340 3031 diligentissimi
371 2956 611 3032 pervestigatione
642 2975 742 3015 eurum
772 2953 901 3015 omnium

118 3050 274 3124 rationum,
296 3070 358 3127 quse
385 3052 421 3110 de
447 3052 559 3112 naturis
582 3052 700 3111 humani
726 3050 842 3130 generis
866 3068 901 3116 sc

354 3144 402 3203 3·
