2167 3567
155 311 199 373 m
479 325 523 373 ns
544 326 708 374 onerosis,
895 304 956 385 '[t.
967 324 987 371 1.

203 469 325 547 ligiones
344 481 374 530 et
394 472 582 544 caerimoniae3
606 474 695 549 quidt
716 474 779 531 hec
796 473 861 549 jura
880 472 989 544 civilio,
1081 493 1082 496 ¹

203 585 266 641 quse
283 567 453 644 jampridem
467 556 504 627 in
524 571 622 628 nostrd
643 570 832 629 familiarius
852 570 912 626 ulls
932 568 991 628 elo·
1081 633 1082 636 Ἴ

187 664 326 738 quentis
346 664 430 722 leude
445 677 608 737 versantur3
629 684 699 723 num
714 675 762 723 cut
781 666 897 723 invente
910 675 989 737 sunt,

205 768 253 817 sut
279 761 405 837 cognite,
430 773 478 820 aut
504 764 622 822 omnino
650 764 687 821 ab
709 773 854 820 oratorum
880 780 991 839 genere
1081 837 1082 848 ἵ

174 859 344 914 stractatat
397 858 539 934 Equidem
561 870 591 916 et
614 861 676 917 Ser.
698 859 821 916 Galbam
847 858 991 915 memorii
1081 857 1082 862 ’

203 960 299 1023 teneo,
327 953 454 1013 divinum
488 955 634 1013 hominem
662 955 692 1013 in
719 954 853 1025 dicende,
881 963 911 1011 et
944 952 988 1011 M.

204 1046 354 1106 AEmilium
381 1050 545 1123 Porcinam,
572 1061 601 1109 et
628 1051 662 1108 C.
691 1051 783 1125 ipsum
812 1050 988 1121 Carbonem,

201 1162 287 1219 quem
309 1154 341 1203 tu
364 1146 594 1205 adolescentulus
615 1147 773 1224 perculisti,
796 1146 927 1223 ignarum
949 1145 990 1202 le·

203 1258 283 1317 gum,
304 1240 481 1299 haesitantem
503 1243 532 1300 in
554 1243 691 1320 majorum
719 1242 866 1313 institutis,
886 1242 989 1299 rudem

160 1342 191 1393 10
204 1336 234 1396 in
259 1336 323 1412 jure
343 1337 437 1395 civili:
464 1350 494 1395 et
514 1338 577 1396 haec
604 1350 672 1397 cetos
697 1348 804 1409 nostre,
824 1346 927 1413 preter
946 1348 988 1410 te,

204 1432 317 1503 Crasse,
344 1432 392 1507 qui
420 1443 468 1491 tuo
501 1434 593 1509 magis
622 1434 727 1504 studio,
753 1452 839 1509 quam
871 1434 989 1509 proprio

203 1546 323 1595 munere
351 1528 445 1605 atiquo
472 1528 653 1599 disertorum,
676 1528 724 1605 jus
751 1530 882 1587 anobis·
903 1529 990 1587 civile

204 1623 342 1695 didicisti,
355 1625 431 1700 quod
450 1625 594 1683 interdum
606 1625 721 1701 pudeat,
736 1625 808 1704 juris
821 1626 923 1703 ignora
933 1636 989 1685 est.

242 1718 330 1782 Quod
345 1739 411 1779 vero
425 1720 454 1777 in
468 1721 596 1779 extremi
609 1722 748 1793 oratione,
762 1722 842 1797 quasi
855 1732 910 1779 tuo
923 1723 991 1799 jure

159 1812 190 1865 15
204 1815 340 1887 sumsisti,
355 1826 495 1874 oratorem
510 1816 540 1874 in
554 1816 648 1875 omnis
668 1818 807 1875 sermonis
820 1817 991 1893 disputatio-

203 1930 241 1971 ne
255 1912 454 1988 copiosissime
471 1914 690 1988 posse-versari,
705 1913 745 1986 id,
760 1914 815 1971 nisi
829 1913 879 1971 hic
893 1914 922 1971 in
937 1924 990 1972 tuo

203 2028 293 2085 regno
317 2028 453 2080 essemus,
478 2028 536 2067 nou
563 2010 708 2080 tulissem3
741 2010 893 2085 multisque
918 2029 990 2086 prte-

204 2124 306 2176 cssem,
327 2105 376 2179 qui
398 2114 445 2162 aut
467 2104 621 2163 interdicto
647 2117 744 2163 tecum
770 2108 988 2179 contenderent,

205 2211 253 2263 aut
273 2211 302 2258 te
321 2220 356 2259 ex
373 2201 437 2277 jure
453 2214 545 2271 smanu
566 2213 731 2261 consertum
749 2216 896 2275 vocarent,
910 2204 988 2278 quod

158 2296 190 2349 2⁰
204 2299 234 2357 in
262 2299 369 2357 alienes
401 2298 596 2374 possessiones
622 2307 680 2357 tam
706 2310 813 2357 temere
847 2300 987 2357 irruisses.

204 2396 334 2471 Agerent
357 2395 435 2451 enim
458 2404 555 2452 tecum
579 2394 648 2469 lege,
664 2395 789 2469 primum
814 2395 988 2472 Pythagorei

204 2508 304 2547 omues
339 2500 423 2563 etque
454 2488 654 2559 Democritici,
688 2489 842 2563 ceterique,
870 2491 900 2548 in
934 2511 987 2549 suo

204 2600 319 2661 genere,
338 2583 451 2659 physici
472 2568 660 2655 uindicarent,
681 2585 775 2641 ornati
802 2584 933 2645 homines
957 2586 988 2644 iu

205 2679 329 2738 dicendo
348 2690 377 2736 et
397 2698 507 2755 graves,
529 2679 700 2753 quibuscum
720 2680 772 2737 tibi
796 2680 872 2755 justo
894 2700 988 2737 secre-

159 2778 191 2827 ᾖ
205 2788 301 2836 mento
322 2775 496 2833 contendere
517 2794 575 2832 non
596 2775 704 2833 liceret.
750 2776 892 2852 Urgerent
917 2795 988 2850 prae·

205 2885 283 2933 teres
301 2871 535 2949 philosophorum
556 2890 667 2949 greges,
679 2872 737 2967 jem
753 2873 788 2929 ab
803 2872 852 2930 itto
866 2872 944 2929 fonte
958 2880 987 2929 et
1081 2865 1082 2870 ’

205 2970 300 3045 cupite
320 2970 450 3039 Socrate,
465 2967 536 3025 nihil
558 2978 587 3025 te
606 2968 643 3025 de
663 2968 746 3025 bonis
765 2969 851 3025 rebus
866 2968 901 3025 in
917 2968 986 3040 vitt,
1081 3041 1082 3046 ἵ

205 3065 277 3125 nihil
300 3065 337 3125 de
359 3064 451 3137 mulis,
477 3063 550 3123 nihil
577 3064 613 3123 de
640 3063 728 3123 animi
753 3064 987 3141 permotionibus,
