2167 3567
95 323 175 384 sm·
385 323 428 375 us
449 309 613 372 omsoss.
872 346 874 351 -
894 313 947 372 ts

94 471 142 542 iis,
169 472 218 546 qui
241 471 268 528 ei
292 484 427 548 praesunt‚
449 473 576 545 honoris,
597 473 706 550 gretie,
727 469 885 549 dignitatis,

7 629 8 638 χ
94 568 165 642 quis
191 569 324 644 ignorati
376 568 486 644 Itaque,
501 580 533 626 ut
558 571 631 645 spud
654 571 773 627 Graeoos
795 566 886 626 infimi

95 664 244 735 homines,
265 665 430 722 mercedulis
451 665 577 738 adducti,
598 665 743 722 ministros
766 682 797 721 se
816 682 887 739 prse-

95 761 173 818 bent
200 761 229 818 in
253 761 371 837 judiciis
398 762 569 832 oratoribus,
593 762 623 833 ii,
647 762 697 836 qui
723 760 798 836 apud
824 761 886 819 illos

98 860 299 930 Πραγματικοὶ
323 868 477 927 voosntur;
512 858 564 929 sio,
589 857 618 914 iu
645 857 741 915 nostris
769 857 918 914 eivitste5

98 961 214 1022 eontra,
234 953 424 1027 amplissimus
445 954 564 1028 quisque
582 963 612 1011 et
631 953 807 1010 clarissimus
833 953 885 1023 vir,

98 1056 132 1104 ut
154 1046 213 1116 ille,
234 1048 283 1121 qui
303 1057 414 1123 propter
435 1048 510 1105 hano
528 1048 601 1124 juris
621 1048 713 1106 civilis
734 1048 886 1106 seientiam

7 1211 8 1224 χ
98 1143 144 1202 sio
160 1144 316 1219 appellatus
331 1163 347 1202 s
360 1163 471 1202 summo
484 1145 572 1220 potui
585 1154 639 1216 est,

166 1291 297 1358 “Egregie
308 1291 423 1338 cordatus
434 1291 516 1353 homo,
527 1297 598 1340 estus
609 1291 685 1340 AEliu’
704 1291 823 1353 Sextus,”

99 1431 243 1507 multique
262 1445 408 1508 preterea,
428 1433 571 1508 quicum
591 1433 709 1510 ingenio
728 1433 784 1490 sibi
806 1431 933 1510 [suo-10

7 1587 8 1596 ,
98 1529 179 1607 tore]
200 1528 369 1604 dignitatem
388 1530 574 1606 peperissent,
594 1530 785 1606 perfecerunt,
799 1538 840 1599 ut,
855 1529 886 1586 in

7 1601 8 1622 ἒ
98 1624 301 1700 respondendo
333 1625 368 1682 de
398 1625 474 1701 jure,
500 1626 670 1684 auctoritate
702 1625 766 1702 plus
798 1625 886 1682 etism

98 1739 189 1796 quum
216 1720 277 1795 ipso
304 1721 421 1797 ingenio
447 1721 582 1780 vsierent.
636 1721 785 1780 Senectuti
818 1739 885 1778 vero

99 1816 282 1878 eelebrandae
302 1825 331 1873 et
354 1817 489 1874 ornsndse
516 1804 593 1892 quod
619 1817 768 1874 honestius
792 1827 888 1892 potest

100 1931 166 1970 esse
180 1912 351 1988 perfugium,
362 1931 446 1988 quom
457 1913 530 1988 juris
544 1913 759 1988 interpretatiot
799 1913 887 1987 Equi·
902 1919 933 1968 15

101 2009 170 2066 dem
193 2008 264 2066 mihi
288 2009 345 2066 hoo
368 2009 526 2068 subsidium
550 2009 609 2085 jem
634 2010 669 2067 sb
691 2008 887 2066 adolescentis

102 2104 275 2180 comparavi,
290 2123 346 2162 non
367 2105 459 2162 solum
475 2104 509 2162 sd
524 2121 674 2162 ssussrum
691 2123 774 2161 usum
795 2105 887 2162 foren-

102 2201 188 2271 sium,
213 2201 263 2257 sed
287 2201 371 2259 etiam
399 2200 435 2258 sd
462 2201 553 2257 deous
579 2209 663 2273 utque
686 2211 886 2258 ornamentum

102 2297 271 2368 senectutis,
296 2307 337 2368 ut,
361 2316 428 2354 oum
454 2315 500 2354 me
527 2296 602 2353 vires
627 2294 715 2372 (quod
743 2296 803 2352 fere
826 2295 886 2371 jam

102 2402 217 2467 tempus
230 2394 376 2472 adventat)
391 2393 514 2452 deficere
531 2392 694 2467 ooepissent,
709 2392 745 2448 ab
758 2391 886 2448 solimdi·
901 2399 933 2449 2⁰

102 2507 140 2546 ne
161 2489 277 2546 domum
297 2509 389 2548 msam
410 2489 594 2548 vindicarem.
641 2487 724 2550 Quid
744 2497 789 2544 est
808 2487 886 2546 enim

101 2583 277 2659 preclarius,
292 2603 376 2658 quam
390 2584 548 2646 honoribus
560 2593 590 2640 et
603 2582 769 2658 reipublioae
788 2601 886 2653 mune-

103 2681 182 2738 ribus
202 2681 382 2756 periunotum
403 2699 613 2754 senemposse
625 2697 678 2736 suo
701 2679 768 2755 jure
788 2679 886 2736 disere

103 2775 190 2847 idem,
216 2777 293 2852 quod
320 2776 402 2852 apud:
421 2775 549 2838 Ennium
575 2775 654 2834 diost
685 2775 734 2847 ilie
765 2775 886 2850 Pythius

103 2871 229 2946 Apollo?
257 2891 288 2930 se
309 2891 372 2930 esse
393 2872 563 2944 eumundo
580 2871 685 2944 sibi,si
705 2890 765 2931 non
786 2871 885 2946 populi
900 2879 932 2928 23

103 2976 131 3024 et
151 2987 243 3046 reges,
265 2977 293 3026 st
312 2987 411 3028 omnes
438 2968 483 3028 sui
510 2968 598 3042 eires,
624 2967 777 3026 eonsilium
801 2984 886 3044 expe·

103 3071 174 3136 taut,
