2167 3567
129 304 166 367 1⁰
446 320 490 367 us
512 319 677 367 carrona
890 316 963 379 [uu

174 462 215 523 tit
234 464 284 541 qui
303 484 403 543 regere
424 486 458 527 ao
478 468 640 545 gubemme
665 465 874 543 rempublicam
897 482 963 542 pos·

174 570 247 633 sent,
282 562 363 621 multi
395 565 501 635 nostri,
535 564 632 640 plures
663 574 777 640 patrum
810 562 963 635 memorii,

175 666 260 733 etque
292 658 378 717 etiarn
412 660 551 737 majorum
584 659 763 731 exstiterunt,
795 677 865 716 cum
891 658 965 716 boni

174 754 276 830 perdiu
297 755 378 827 nulli,
393 756 440 814 vix
454 766 549 814 autern
563 756 684 833 singulis
702 755 834 813 aetatibus
853 755 966 832 singuli

143 850 338 911 etolerabiles
358 862 482 910 oratores
503 852 708 909 invenirentur.
761 852 818 923 Ac,
839 851 967 927 nequis

176 946 249 1005 sorte
263 966 329 1007 oum
345 948 407 1006 aliis
428 948 538 1019 studiis,
554 968 618 1023 quie
638 948 795 1005 reconditis
807 948 839 1005 in
853 947 967 1006 artibus

178 1052 261 1119 atque
282 1043 311 1101 in
331 1044 453 1119 quidam
474 1045 610 1102 varietate
635 1042 782 1101 literarum
801 1055 966 1116 versentur,

177 1140 268 1218 magis
295 1140 370 1199 hanc
397 1141 513 1199 dicendi
537 1140 688 1210 rationem,
711 1159 797 1214 quam
820 1158 888 1196 cum
911 1140 970 1197 im·

177 1238 316 1311 petitoris
335 1236 429 1308 laude,
445 1248 493 1295 sut
511 1256 577 1295 cum
592 1235 660 1293 boni
681 1235 820 1293 senatoris
839 1235 969 1310 prudeu-

132 1336 163 1388 1⁰
178 1330 219 1389 tit
239 1332 461 1407 comparandam
481 1342 577 1407 putet3
609 1342 758 1389 convertet
778 1331 905 1388 animum
927 1332 968 1389 ud

178 1444 214 1485 eu
235 1426 295 1503 ipsa
312 1426 413 1483 ortium
435 1444 551 1503 genera,
572 1426 853 1502 circumspiciatque,
867 1427 918 1500 qui
932 1426 969 1484 iu

179 1522 215 1581 iis
248 1522 405 1593 floruerint,
433 1540 575 1596 quamque
608 1522 707 1579 multi:
741 1523 784 1579 sic
815 1522 969 1596 facillime,

179 1626 286 1693 quante
305 1629 448 1679 oratorum
468 1617 514 1689 sit,
529 1636 698 1693 semperque
718 1617 804 1675 fuerit
821 1619 969 1694 paucitas,

177 1710 327 1789 judicabit.

134 1916 165 1967 15
219 1905 272 1965 Ill.
300 1906 403 1981 Neque
430 1907 507 1965 enim
534 1917 563 1965 te
590 1907 673 1984 fugit,
701 1907 803 1965 artium
834 1908 968 1967 omnium

180 2003 357 2061 laudaturum
390 2004 612 2078 procreatricem
646 2004 798 2078 quandam,
825 2014 856 2061 et
881 2006 967 2080 quasi

180 2106 326 2175 parentem
350 2116 424 2169 eam,
438 2118 524 2173 quam
547 2099 714 2169 Φιλοσοφίαν
734 2100 829 2157 Graeci
848 2110 967 2172 vocant,

182 2193 218 2253 ab
238 2193 402 2252 hominibus
422 2195 596 2255 doctissimis
613 2196 753 2274 judicari3
775 2197 804 2255 in
819 2196 877 2271 qui
894 2197 968 2255 diffi-

182 2292 237 2351 cile
260 2302 303 2349 est
326 2310 502 2364 enumerare,
524 2304 593 2367 quot
615 2294 678 2365 viri,
699 2294 806 2368 quanti
832 2293 968 2365 scientie,

134 2402 167 2450 uo
182 2387 342 2462 quantique
373 2389 403 2445 in
434 2389 493 2445 suis
527 2389 630 2444 studiis
662 2389 799 2444 verietate
824 2398 854 2444 et
880 2390 968 2465 copii

183 2478 297 2548 fuerint,
324 2481 372 2553 qui
399 2500 458 2537 non
486 2482 544 2537 uni
577 2481 671 2553 aliqui
699 2481 728 2537 in
755 2500 786 2538 re
812 2486 965 2558 seperatim

182 2573 364 2645 elaborirint,
392 2574 442 2629 sed
474 2575 581 2645 omnia,
610 2583 804 2649 'quaecumque
836 2588 963 2650 possent,

182 2668 226 2727 vel
240 2667 367 2725 scientie
385 2669 634 2745 pervestigatione,
647 2671 691 2728 rel
706 2670 865 2727 disserendi
879 2672 965 2728 ratio-

183 2786 230 2839 ne,
263 2765 539 2840 comprehenderint.
593 2766 671 2827 Quis
703 2767 826 2843 iguorm,
854 2765 885 2836 ii,
914 2766 963 2839 qui

137 2878 169 2928 25
184 2861 378 2923 mathematici
410 2871 559 2933 vocentur,
586 2862 694 2937 quenti
727 2862 756 2919 in
789 2861 967 2919 obscuritute

184 2978 289 3031 rerum,
309 2967 339 3015 et
357 2976 443 3033 quam
466 2956 615 3016 reconditi
634 2957 674 3014 inv
686 2968 745 3015 arte
764 2966 795 3015 et
814 2956 964 3033 multiplici

184 3055 348 3131 subtilique,
368 3056 537 3113 versenturl
557 3073 616 3130 quo
634 3066 731 3114 tumen
750 3054 782 3114 iu
800 3072 907 3133 genere
925 3053 970 3114 ita
