<?xml version="1.0" encoding="UTF-8"?>
<!DOCTYPE html PUBLIC "-//W3C//DTD XHTML 1.0 Transitional//EN"
    "http://www.w3.org/TR/xhtml1/DTD/xhtml1-transitional.dtd">
<html xmlns="http://www.w3.org/1999/xhtml" xml:lang="en" lang="en">
 <head>
  <title>
</title>
<meta http-equiv="Content-Type" content="text/html;charset=utf-8" />
  <meta name='ocr-system' content='tesseract 3.04.00' />
  <meta name='ocr-capabilities' content='ocr_page ocr_carea ocr_par ocr_line ocrx_word'/>
</head>
<body>
  <div class='ocr_page' id='page_1' title='image "./mtciceronisadqu01dillgoog_0107.png"; bbox 0 0 2167 3567; ppageno 0'>
   <div class='ocr_carea' id='block_1_1' title="bbox 91 264 930 364">
    <p class='ocr_par' dir='ltr' id='par_1_1' title="bbox 91 264 930 364">
     <span class='ocr_line' id='line_1_1' title="bbox 91 264 930 364; baseline -0.005 -12"><span class='ocrx_word' id='word_1_1' title='bbox 91 304 168 364; x_wconf 89' lang='lat' dir='ltr'><strong>r..r.1</strong></span> <span class='ocrx_word' id='word_1_2' title='bbox 379 305 422 354; x_wconf 85' lang='lat' dir='ltr'><strong>nn</strong></span> <span class='ocrx_word' id='word_1_3' title='bbox 444 303 607 352; x_wconf 71' lang='lat' dir='ltr'><strong>cainone</strong></span> <span class='ocrx_word' id='word_1_4' title='bbox 871 264 930 349; x_wconf 72' lang='lat' dir='ltr'><strong>lor</strong></span> 
     </span>
    </p>
   </div>
   <div class='ocr_carea' id='block_1_2' title="bbox 91 450 925 3033">
    <p class='ocr_par' dir='ltr' id='par_1_2' title="bbox 91 450 925 3033">
     <span class='ocr_line' id='line_1_2' title="bbox 91 450 881 529; baseline -0.001 -19"><span class='ocrx_word' id='word_1_5' title='bbox 91 452 158 527; x_wconf 88' lang='lat' dir='ltr'><strong>qni,</strong></span> <span class='ocrx_word' id='word_1_6' title='bbox 186 453 211 511; x_wconf 91' lang='lat' dir='ltr'><strong>si</strong></span> <span class='ocrx_word' id='word_1_7' title='bbox 234 452 292 529; x_wconf 85' lang='lat' dir='ltr'><strong>jam</strong></span> <span class='ocrx_word' id='word_1_8' title='bbox 319 450 357 512; x_wconf 91' lang='lat' dir='ltr'><strong>sit</strong></span> <span class='ocrx_word' id='word_1_9' title='bbox 382 454 569 517; x_wconf 87' lang='lat' dir='ltr'><strong>ediscendum</strong></span> <span class='ocrx_word' id='word_1_10' title='bbox 594 453 650 512; x_wconf 93' lang='lat' dir='ltr'><strong>sibi</strong></span> <span class='ocrx_word' id='word_1_11' title='bbox 677 452 795 528; x_wconf 88' lang='lat' dir='ltr'><strong>eliqnid,</strong></span> <span class='ocrx_word' id='word_1_12' title='bbox 821 467 881 509; x_wconf 88' lang='lat' dir='ltr'><strong>non</strong></span> 
     </span>
     <span class='ocr_line' id='line_1_3' title="bbox 91 547 882 626; baseline 0 -20"><span class='ocrx_word' id='word_1_13' title='bbox 91 547 248 606; x_wconf 79' lang='lat' dir='ltr'><strong>Teucrum</strong></span> <span class='ocrx_word' id='word_1_14' title='bbox 270 549 388 608; x_wconf 88' lang='lat' dir='ltr'><strong>Pacuvii</strong></span> <span class='ocrx_word' id='word_1_15' title='bbox 409 551 497 622; x_wconf 78' lang='lat' dir='ltr'><strong>malit,</strong></span> <span class='ocrx_word' id='word_1_16' title='bbox 512 569 596 626; x_wconf 89' lang='lat' dir='ltr'><strong>quam</strong></span> <span class='ocrx_word' id='word_1_17' title='bbox 614 549 786 608; x_wconf 73' lang='lat' dir='ltr'><strong>Manilianas</strong></span> <span class='ocrx_word' id='word_1_18' title='bbox 798 567 882 607; x_wconf 84' lang='lat' dir='ltr'><strong>rene·</strong></span> 
     </span>
     <span class='ocr_line' id='line_1_4' title="bbox 91 647 881 726; baseline -0.003 -20"><span class='ocrx_word' id='word_1_19' title='bbox 91 647 170 706; x_wconf 87' lang='lat' dir='ltr'><strong>lium</strong></span> <span class='ocrx_word' id='word_1_20' title='bbox 184 648 397 706; x_wconf 84' lang='lat' dir='ltr'><strong>vendendorum</strong></span> <span class='ocrx_word' id='word_1_21' title='bbox 410 649 505 726; x_wconf 76' lang='lat' dir='ltr'><strong>leges,</strong></span> <span class='ocrx_word' id='word_1_22' title='bbox 513 649 650 706; x_wconf 87' lang='lat' dir='ltr'><strong>ediscere.</strong></span> <span class='ocrx_word' id='word_1_23' title='bbox 691 648 769 705; x_wconf 88' lang='lat' dir='ltr'><strong>Tum</strong></span> <span class='ocrx_word' id='word_1_24' title='bbox 787 658 881 705; x_wconf 88' lang='lat' dir='ltr'><strong>antem</strong></span> 
     </span>
     <span class='ocr_line' id='line_1_5' title="bbox 92 744 882 820; baseline 0 -18"><span class='ocrx_word' id='word_1_25' title='bbox 92 745 177 820; x_wconf 83' lang='lat' dir='ltr'><strong>quod</strong></span> <span class='ocrx_word' id='word_1_26' title='bbox 198 763 294 803; x_wconf 88' lang='lat' dir='ltr'><strong>arnore</strong></span> <span class='ocrx_word' id='word_1_27' title='bbox 312 745 410 820; x_wconf 75' lang='lat' dir='ltr'><strong>petrin</strong></span> <span class='ocrx_word' id='word_1_28' title='bbox 431 765 531 804; x_wconf 85' lang='lat' dir='ltr'><strong>censes</strong></span> <span class='ocrx_word' id='word_1_29' title='bbox 550 763 603 803; x_wconf 90' lang='lat' dir='ltr'><strong>nos</strong></span> <span class='ocrx_word' id='word_1_30' title='bbox 621 755 781 802; x_wconf 86' lang='lat' dir='ltr'><strong>nostrornm</strong></span> <span class='ocrx_word' id='word_1_31' title='bbox 795 744 882 820; x_wconf 78' lang='lat' dir='ltr'><strong>mejo-</strong></span> 
     </span>
     <span class='ocr_line' id='line_1_6' title="bbox 92 840 911 912; baseline 0.001 -14"><span class='ocrx_word' id='word_1_32' title='bbox 92 859 162 898; x_wconf 84' lang='lat' dir='ltr'><strong>rnm</strong></span> <span class='ocrx_word' id='word_1_33' title='bbox 186 840 301 900; x_wconf 78' lang='lat' dir='ltr'><strong>inventa</strong></span> <span class='ocrx_word' id='word_1_34' title='bbox 324 841 409 902; x_wconf 82' lang='lat' dir='ltr'><strong>ndsse</strong></span> <span class='ocrx_word' id='word_1_35' title='bbox 429 842 550 912; x_wconf 90' lang='lat' dir='ltr'><strong>debere;</strong></span> <span class='ocrx_word' id='word_1_36' title='bbox 578 859 636 898; x_wconf 91' lang='lat' dir='ltr'><strong>non</strong></span> <span class='ocrx_word' id='word_1_37' title='bbox 659 842 747 912; x_wconf 80' lang='lat' dir='ltr'><strong>vides,</strong></span> <span class='ocrx_word' id='word_1_38' title='bbox 771 849 911 899; x_wconf 66' lang='lat' dir='ltr'><strong>veterent</strong></span> 
     </span>
     <span class='ocr_line' id='line_1_7' title="bbox 92 936 882 1014; baseline 0.003 -20"><span class='ocrx_word' id='word_1_39' title='bbox 92 936 178 1014; x_wconf 85' lang='lat' dir='ltr'><strong>leges</strong></span> <span class='ocrx_word' id='word_1_40' title='bbox 206 948 254 994; x_wconf 85' lang='lat' dir='ltr'><strong>ent</strong></span> <span class='ocrx_word' id='word_1_41' title='bbox 281 938 354 1014; x_wconf 84' lang='lat' dir='ltr'><strong>ipses</strong></span> <span class='ocrx_word' id='word_1_42' title='bbox 381 939 433 996; x_wconf 79' lang='lat' dir='ltr'><strong>sod</strong></span> <span class='ocrx_word' id='word_1_43' title='bbox 452 949 592 996; x_wconf 85' lang='lat' dir='ltr'><strong>vetustate</strong></span> <span class='ocrx_word' id='word_1_44' title='bbox 615 938 810 1009; x_wconf 88' lang='lat' dir='ltr'><strong>consenuisse,</strong></span> <span class='ocrx_word' id='word_1_45' title='bbox 832 948 882 996; x_wconf 89' lang='lat' dir='ltr'><strong>aot</strong></span> 
     </span>
     <span class='ocr_line' id='line_1_8' title="bbox 93 1033 881 1110; baseline 0.003 -20"><span class='ocrx_word' id='word_1_46' title='bbox 93 1033 181 1090; x_wconf 84' lang='lat' dir='ltr'><strong>novis</strong></span> <span class='ocrx_word' id='word_1_47' title='bbox 200 1033 312 1110; x_wconf 84' lang='lat' dir='ltr'><strong>legibus</strong></span> <span class='ocrx_word' id='word_1_48' title='bbox 332 1051 394 1092; x_wconf 86' lang='lat' dir='ltr'><strong>esse</strong></span> <span class='ocrx_word' id='word_1_49' title='bbox 414 1035 557 1092; x_wconf 65' lang='lat' dir='ltr'><strong>sublatas?</strong></span> <span class='ocrx_word' id='word_1_50' title='bbox 608 1033 698 1096; x_wconf 86' lang='lat' dir='ltr'><strong>Quod</strong></span> <span class='ocrx_word' id='word_1_51' title='bbox 719 1053 786 1092; x_wconf 88' lang='lat' dir='ltr'><strong>vero</strong></span> <span class='ocrx_word' id='word_1_52' title='bbox 804 1034 881 1092; x_wconf 83' lang='lat' dir='ltr'><strong>viros</strong></span> 
     </span>
     <span class='ocr_line' id='line_1_9' title="bbox 94 1129 880 1207; baseline 0.003 -21"><span class='ocrx_word' id='word_1_53' title='bbox 94 1130 190 1187; x_wconf 83' lang='lat' dir='ltr'><strong>bonos</strong></span> <span class='ocrx_word' id='word_1_54' title='bbox 219 1129 283 1206; x_wconf 83' lang='lat' dir='ltr'><strong>jure</strong></span> <span class='ocrx_word' id='word_1_55' title='bbox 309 1131 387 1188; x_wconf 86' lang='lat' dir='ltr'><strong>civili</strong></span> <span class='ocrx_word' id='word_1_56' title='bbox 413 1130 475 1204; x_wconf 83' lang='lat' dir='ltr'><strong>fieri</strong></span> <span class='ocrx_word' id='word_1_57' title='bbox 500 1140 593 1205; x_wconf 84' lang='lat' dir='ltr'><strong>putes,</strong></span> <span class='ocrx_word' id='word_1_58' title='bbox 620 1130 688 1205; x_wconf 89' lang='lat' dir='ltr'><strong>qnia</strong></span> <span class='ocrx_word' id='word_1_59' title='bbox 713 1130 825 1207; x_wconf 82' lang='lat' dir='ltr'><strong>legibus</strong></span> <span class='ocrx_word' id='word_1_60' title='bbox 851 1140 880 1188; x_wconf 91' lang='lat' dir='ltr'><strong>et</strong></span> 
     </span>
     <span class='ocr_line' id='line_1_10' title="bbox 94 1225 880 1302; baseline 0.003 -20"><span class='ocrx_word' id='word_1_61' title='bbox 94 1225 215 1302; x_wconf 74' lang='lat' dir='ltr'><strong>praemia</strong></span> <span class='ocrx_word' id='word_1_62' title='bbox 246 1226 390 1302; x_wconf 79' lang='lat' dir='ltr'><strong>proposita</strong></span> <span class='ocrx_word' id='word_1_63' title='bbox 422 1225 479 1284; x_wconf 86' lang='lat' dir='ltr'><strong>sint</strong></span> <span class='ocrx_word' id='word_1_64' title='bbox 509 1226 660 1284; x_wconf 85' lang='lat' dir='ltr'><strong>virtutibus</strong></span> <span class='ocrx_word' id='word_1_65' title='bbox 686 1225 880 1302; x_wconf 55' lang='lat' dir='ltr'><strong>etusuppticie</strong></span> 
     </span>
     <span class='ocr_line' id='line_1_11' title="bbox 96 1321 925 1399; baseline 0.002 -21"><span class='ocrx_word' id='word_1_66' title='bbox 96 1321 190 1391; x_wconf 84' lang='lat' dir='ltr'><strong>vitiis3</strong></span> <span class='ocrx_word' id='word_1_67' title='bbox 211 1322 343 1396; x_wconf 78' lang='lat' dir='ltr'>equidem</span> <span class='ocrx_word' id='word_1_68' title='bbox 355 1323 500 1398; x_wconf 83' lang='lat' dir='ltr'><strong>putabam,</strong></span> <span class='ocrx_word' id='word_1_69' title='bbox 516 1322 648 1380; x_wconf 84' lang='lat' dir='ltr'><strong>virtutem</strong></span> <span class='ocrx_word' id='word_1_70' title='bbox 661 1322 826 1380; x_wconf 84' lang='lat' dir='ltr'><strong>hominibus</strong></span> <span class='ocrx_word' id='word_1_71' title='bbox 840 1321 879 1399; x_wconf 88' lang='lat' dir='ltr'><strong>(si</strong></span> <span class='ocrx_word' id='word_1_72' title='bbox 894 1330 925 1380; x_wconf 79' lang='lat'><strong>10</strong></span> 
     </span>
     <span class='ocr_line' id='line_1_12' title="bbox 96 1417 880 1498; baseline 0.003 -24"><span class='ocrx_word' id='word_1_73' title='bbox 96 1417 184 1476; x_wconf 88' lang='lat' dir='ltr'><strong>rnodo</strong></span> <span class='ocrx_word' id='word_1_74' title='bbox 204 1418 277 1475; x_wconf 89' lang='lat' dir='ltr'><strong>tradi</strong></span> <span class='ocrx_word' id='word_1_75' title='bbox 296 1419 406 1478; x_wconf 86' lang='lat' dir='ltr'><strong>ratione</strong></span> <span class='ocrx_word' id='word_1_76' title='bbox 418 1419 522 1498; x_wconf 83' lang='lat' dir='ltr'><strong>possit)</strong></span> <span class='ocrx_word' id='word_1_77' title='bbox 538 1418 712 1476; x_wconf 83' lang='lat' dir='ltr'><strong>instituendo</strong></span> <span class='ocrx_word' id='word_1_78' title='bbox 725 1429 754 1476; x_wconf 87' lang='lat' dir='ltr'><strong>et</strong></span> <span class='ocrx_word' id='word_1_79' title='bbox 765 1436 880 1494; x_wconf 86' lang='lat' dir='ltr'><strong>persna-</strong></span> 
     </span>
     <span class='ocr_line' id='line_1_13' title="bbox 96 1513 879 1586; baseline -0.001 -14"><span class='ocrx_word' id='word_1_80' title='bbox 96 1513 204 1586; x_wconf 88' lang='lat' dir='ltr'><strong>dendo,</strong></span> <span class='ocrx_word' id='word_1_81' title='bbox 225 1533 283 1572; x_wconf 85' lang='lat' dir='ltr'><strong>non</strong></span> <span class='ocrx_word' id='word_1_82' title='bbox 305 1515 389 1572; x_wconf 89' lang='lat' dir='ltr'><strong>rninis</strong></span> <span class='ocrx_word' id='word_1_83' title='bbox 409 1525 438 1572; x_wconf 89' lang='lat' dir='ltr'><strong>et</strong></span> <span class='ocrx_word' id='word_1_84' title='bbox 458 1515 484 1571; x_wconf 84' lang='lat' dir='ltr'><strong>vi</strong></span> <span class='ocrx_word' id='word_1_85' title='bbox 505 1532 540 1572; x_wconf 91' lang='lat' dir='ltr'><strong>ac</strong></span> <span class='ocrx_word' id='word_1_86' title='bbox 561 1524 648 1586; x_wconf 87' lang='lat' dir='ltr'><strong>meto,</strong></span> <span class='ocrx_word' id='word_1_87' title='bbox 668 1514 751 1573; x_wconf 86' lang='lat' dir='ltr'><strong>tradi.</strong></span> <span class='ocrx_word' id='word_1_88' title='bbox 801 1513 879 1572; x_wconf 85' lang='lat' dir='ltr'><strong>Nem</strong></span> 
     </span>
     <span class='ocr_line' id='line_1_14' title="bbox 95 1609 878 1688; baseline -0.001 -21"><span class='ocrx_word' id='word_1_89' title='bbox 95 1609 191 1686; x_wconf 83' lang='lat' dir='ltr'><strong>ipsum</strong></span> <span class='ocrx_word' id='word_1_90' title='bbox 205 1610 319 1686; x_wconf 85' lang='lat' dir='ltr'><strong>quidem</strong></span> <span class='ocrx_word' id='word_1_91' title='bbox 335 1609 414 1681; x_wconf 85' lang='lat' dir='ltr'><strong>illud,</strong></span> <span class='ocrx_word' id='word_1_92' title='bbox 427 1609 514 1668; x_wconf 85' lang='lat' dir='ltr'><strong>etiem</strong></span> <span class='ocrx_word' id='word_1_93' title='bbox 530 1610 593 1668; x_wconf 87' lang='lat' dir='ltr'><strong>sine</strong></span> <span class='ocrx_word' id='word_1_94' title='bbox 613 1609 779 1688; x_wconf 74' lang='lat' dir='ltr'><strong>cognitione</strong></span> <span class='ocrx_word' id='word_1_95' title='bbox 796 1609 878 1686; x_wconf 82' lang='lat' dir='ltr'><strong>juris,</strong></span> 
     </span>
     <span class='ocr_line' id='line_1_15' title="bbox 95 1706 878 1782; baseline -0.001 -19"><span class='ocrx_word' id='word_1_96' title='bbox 95 1725 184 1782; x_wconf 84' lang='lat' dir='ltr'><strong>quern</strong></span> <span class='ocrx_word' id='word_1_97' title='bbox 204 1707 241 1764; x_wconf 87' lang='lat' dir='ltr'><strong>sit</strong></span> <span class='ocrx_word' id='word_1_98' title='bbox 261 1707 367 1772; x_wconf 84' lang='lat' dir='ltr'><strong>bellem</strong></span> <span class='ocrx_word' id='word_1_99' title='bbox 387 1707 487 1764; x_wconf 85' lang='lat' dir='ltr'><strong>cavere</strong></span> <span class='ocrx_word' id='word_1_100' title='bbox 501 1706 617 1778; x_wconf 85' lang='lat' dir='ltr'><strong>maium,</strong></span> <span class='ocrx_word' id='word_1_101' title='bbox 631 1706 707 1764; x_wconf 87' lang='lat' dir='ltr'><strong>scire</strong></span> <span class='ocrx_word' id='word_1_102' title='bbox 719 1724 878 1782; x_wconf 86' lang='lat' dir='ltr'><strong>possumus.</strong></span> 
     </span>
     <span class='ocr_line' id='line_1_16' title="bbox 95 1802 924 1879; baseline -0.004 -18"><span class='ocrx_word' id='word_1_103' title='bbox 95 1802 144 1861; x_wconf 90' lang='lat' dir='ltr'><strong>De</strong></span> <span class='ocrx_word' id='word_1_104' title='bbox 164 1821 211 1860; x_wconf 87' lang='lat' dir='ltr'><strong>me</strong></span> <span class='ocrx_word' id='word_1_105' title='bbox 228 1814 321 1862; x_wconf 82' lang='lat' dir='ltr'><strong>entem</strong></span> <span class='ocrx_word' id='word_1_106' title='bbox 337 1803 408 1879; x_wconf 89' lang='lat' dir='ltr'><strong>ipso,</strong></span> <span class='ocrx_word' id='word_1_107' title='bbox 423 1803 471 1860; x_wconf 91' lang='lat' dir='ltr'><strong>oui</strong></span> <span class='ocrx_word' id='word_1_108' title='bbox 491 1802 542 1860; x_wconf 89' lang='lat' dir='ltr'><strong>uni</strong></span> <span class='ocrx_word' id='word_1_109' title='bbox 555 1812 586 1859; x_wconf 87' lang='lat' dir='ltr'><strong>tn</strong></span> <span class='ocrx_word' id='word_1_110' title='bbox 599 1802 745 1873; x_wconf 78' lang='lat' dir='ltr'><strong>concedis,</strong></span> <span class='ocrx_word' id='word_1_111' title='bbox 760 1812 801 1874; x_wconf 87' lang='lat' dir='ltr'><strong>nt,</strong></span> <span class='ocrx_word' id='word_1_112' title='bbox 816 1802 879 1859; x_wconf 90' lang='lat' dir='ltr'><strong>sine</strong></span> <span class='ocrx_word' id='word_1_113' title='bbox 894 1803 924 1852; x_wconf 81' lang='lat'><strong>15</strong></span> 
     </span>
     <span class='ocr_line' id='line_1_17' title="bbox 95 1897 879 1974; baseline -0.003 -18"><span class='ocrx_word' id='word_1_114' title='bbox 95 1898 157 1956; x_wconf 83' lang='lat' dir='ltr'><strong>ullt</strong></span> <span class='ocrx_word' id='word_1_115' title='bbox 168 1898 240 1974; x_wconf 88' lang='lat' dir='ltr'><strong>juris</strong></span> <span class='ocrx_word' id='word_1_116' title='bbox 258 1899 388 1969; x_wconf 79' lang='lat' dir='ltr'><strong>soientid,</strong></span> <span class='ocrx_word' id='word_1_117' title='bbox 403 1909 498 1956; x_wconf 86' lang='lat' dir='ltr'><strong>tamen</strong></span> <span class='ocrx_word' id='word_1_118' title='bbox 519 1898 614 1956; x_wconf 89' lang='lat' dir='ltr'><strong>causis</strong></span> <span class='ocrx_word' id='word_1_119' title='bbox 633 1897 797 1955; x_wconf 79' lang='lat' dir='ltr'><strong>satisfacere</strong></span> <span class='ocrx_word' id='word_1_120' title='bbox 816 1917 879 1974; x_wconf 87' lang='lat' dir='ltr'><strong>pos-</strong></span> 
     </span>
     <span class='ocr_line' id='line_1_18' title="bbox 95 1989 879 2070; baseline 0 -18"><span class='ocrx_word' id='word_1_121' title='bbox 95 1989 162 2067; x_wconf 85' lang='lat' dir='ltr'><strong>sim,</strong></span> <span class='ocrx_word' id='word_1_122' title='bbox 189 1995 241 2052; x_wconf 89' lang='lat' dir='ltr'><strong>tibi</strong></span> <span class='ocrx_word' id='word_1_123' title='bbox 274 1995 340 2066; x_wconf 88' lang='lat' dir='ltr'><strong>hoc,</strong></span> <span class='ocrx_word' id='word_1_124' title='bbox 368 1995 481 2065; x_wconf 83' lang='lat' dir='ltr'><strong>Crasse,</strong></span> <span class='ocrx_word' id='word_1_125' title='bbox 508 1994 675 2070; x_wconf 86' lang='lat' dir='ltr'><strong>respondeo,</strong></span> <span class='ocrx_word' id='word_1_126' title='bbox 706 2011 800 2069; x_wconf 89' lang='lat' dir='ltr'><strong>neque</strong></span> <span class='ocrx_word' id='word_1_127' title='bbox 832 2013 879 2052; x_wconf 88' lang='lat' dir='ltr'><strong>rne</strong></span> 
     </span>
     <span class='ocr_line' id='line_1_19' title="bbox 95 2089 879 2167; baseline -0.001 -19"><span class='ocrx_word' id='word_1_128' title='bbox 95 2109 223 2166; x_wconf 83' lang='lat' dir='ltr'><strong>unquern</strong></span> <span class='ocrx_word' id='word_1_129' title='bbox 241 2091 288 2167; x_wconf 88' lang='lat' dir='ltr'><strong>jus</strong></span> <span class='ocrx_word' id='word_1_130' title='bbox 308 2090 392 2148; x_wconf 81' lang='lat' dir='ltr'><strong>civile</strong></span> <span class='ocrx_word' id='word_1_131' title='bbox 412 2089 558 2162; x_wconf 86' lang='lat' dir='ltr'><strong>didicisse,</strong></span> <span class='ocrx_word' id='word_1_132' title='bbox 572 2107 665 2164; x_wconf 87' lang='lat' dir='ltr'><strong>neque</strong></span> <span class='ocrx_word' id='word_1_133' title='bbox 678 2100 784 2161; x_wconf 86' lang='lat' dir='ltr'><strong>tamen,</strong></span> <span class='ocrx_word' id='word_1_134' title='bbox 799 2089 879 2147; x_wconf 90' lang='lat' dir='ltr'><strong>iniis</strong></span> 
     </span>
     <span class='ocr_line' id='line_1_20' title="bbox 96 2185 877 2262; baseline -0.001 -18"><span class='ocrx_word' id='word_1_135' title='bbox 96 2187 194 2244; x_wconf 89' lang='lat' dir='ltr'><strong>causis</strong></span> <span class='ocrx_word' id='word_1_136' title='bbox 213 2207 283 2262; x_wconf 84' lang='lat' dir='ltr'><strong>ques</strong></span> <span class='ocrx_word' id='word_1_137' title='bbox 303 2187 332 2244; x_wconf 92' lang='lat' dir='ltr'><strong>in</strong></span> <span class='ocrx_word' id='word_1_138' title='bbox 349 2187 414 2262; x_wconf 87' lang='lat' dir='ltr'><strong>jore</strong></span> <span class='ocrx_word' id='word_1_139' title='bbox 434 2203 546 2262; x_wconf 89' lang='lat' dir='ltr'><strong>possern</strong></span> <span class='ocrx_word' id='word_1_140' title='bbox 568 2185 731 2256; x_wconf 84' lang='lat' dir='ltr'><strong>defendere,</strong></span> <span class='ocrx_word' id='word_1_141' title='bbox 752 2203 877 2260; x_wconf 85' lang='lat' dir='ltr'><strong>unquam</strong></span> 
     </span>
     <span class='ocr_line' id='line_1_21' title="bbox 96 2270 923 2353; baseline -0.002 -13"><span class='ocrx_word' id='word_1_142' title='bbox 96 2283 181 2341; x_wconf 85' lang='lat' dir='ltr'><strong>istam</strong></span> <span class='ocrx_word' id='word_1_143' title='bbox 202 2283 351 2340; x_wconf 84' lang='lat' dir='ltr'><strong>scientiam</strong></span> <span class='ocrx_word' id='word_1_144' title='bbox 378 2281 563 2339; x_wconf 75' lang='lat' dir='ltr'><strong>desiderdsse.</strong></span> <span class='ocrx_word' id='word_1_145' title='bbox 617 2280 707 2338; x_wconf 82' lang='lat' dir='ltr'><strong>Aliud</strong></span> <span class='ocrx_word' id='word_1_146' title='bbox 727 2270 771 2338; x_wconf 86' lang='lat' dir='ltr'><strong>cst</strong></span> <span class='ocrx_word' id='word_1_147' title='bbox 790 2282 877 2353; x_wconf 89' lang='lat' dir='ltr'><strong>enim,</strong></span> <span class='ocrx_word' id='word_1_148' title='bbox 891 2288 923 2338; x_wconf 75' lang='lat'><strong>2⁰</strong></span> 
     </span>
     <span class='ocr_line' id='line_1_22' title="bbox 97 2377 881 2454; baseline -0.003 -18"><span class='ocrx_word' id='word_1_149' title='bbox 97 2397 162 2436; x_wconf 85' lang='lat' dir='ltr'><strong>esse</strong></span> <span class='ocrx_word' id='word_1_150' title='bbox 195 2379 332 2446; x_wconf 75' lang='lat' dir='ltr'><strong>artificem</strong></span> <span class='ocrx_word' id='word_1_151' title='bbox 365 2377 514 2453; x_wconf 89' lang='lat' dir='ltr'><strong>cujusdam</strong></span> <span class='ocrx_word' id='word_1_152' title='bbox 547 2377 661 2454; x_wconf 80' lang='lat' dir='ltr'><strong>generis</strong></span> <span class='ocrx_word' id='word_1_153' title='bbox 690 2387 773 2452; x_wconf 89' lang='lat' dir='ltr'><strong>atqne</strong></span> <span class='ocrx_word' id='word_1_154' title='bbox 800 2377 881 2450; x_wconf 87' lang='lat' dir='ltr'><strong>artis,</strong></span> 
     </span>
     <span class='ocr_line' id='line_1_23' title="bbox 98 2473 880 2551; baseline -0.001 -19"><span class='ocrx_word' id='word_1_155' title='bbox 98 2475 176 2533; x_wconf 92' lang='lat' dir='ltr'><strong>aliud</strong></span> <span class='ocrx_word' id='word_1_156' title='bbox 197 2475 226 2532; x_wconf 88' lang='lat' dir='ltr'><strong>in</strong></span> <span class='ocrx_word' id='word_1_157' title='bbox 247 2475 392 2532; x_wconf 88' lang='lat' dir='ltr'><strong>communi</strong></span> <span class='ocrx_word' id='word_1_158' title='bbox 408 2474 464 2532; x_wconf 73' lang='lat' dir='ltr'><strong>vitri</strong></span> <span class='ocrx_word' id='word_1_159' title='bbox 478 2484 507 2531; x_wconf 87' lang='lat' dir='ltr'><strong>et</strong></span> <span class='ocrx_word' id='word_1_160' title='bbox 520 2473 630 2551; x_wconf 84' lang='lat' dir='ltr'><strong>vulgari</strong></span> <span class='ocrx_word' id='word_1_161' title='bbox 649 2473 797 2532; x_wconf 85' lang='lat' dir='ltr'><strong>hominurn</strong></span> <span class='ocrx_word' id='word_1_162' title='bbox 813 2493 880 2532; x_wconf 90' lang='lat' dir='ltr'><strong>con·</strong></span> 
     </span>
     <span class='ocr_line' id='line_1_24' title="bbox 97 2570 880 2630; baseline 0.001 -2"><span class='ocrx_word' id='word_1_163' title='bbox 97 2572 250 2630; x_wconf 84' lang='lat' dir='ltr'><strong>suetudine</strong></span> <span class='ocrx_word' id='word_1_164' title='bbox 270 2589 325 2628; x_wconf 91' lang='lat' dir='ltr'><strong>nec</strong></span> <span class='ocrx_word' id='word_1_165' title='bbox 345 2571 475 2628; x_wconf 85' lang='lat' dir='ltr'><strong>hebetem</strong></span> <span class='ocrx_word' id='word_1_166' title='bbox 496 2587 552 2627; x_wconf 90' lang='lat' dir='ltr'><strong>nec</strong></span> <span class='ocrx_word' id='word_1_167' title='bbox 578 2570 685 2628; x_wconf 86' lang='lat' dir='ltr'><strong>rudem.</strong></span> <span class='ocrx_word' id='word_1_168' title='bbox 739 2571 795 2628; x_wconf 84' lang='lat' dir='ltr'><strong>Cui</strong></span> <span class='ocrx_word' id='word_1_169' title='bbox 817 2590 880 2629; x_wconf 89' lang='lat' dir='ltr'><strong>nos·</strong></span> 
     </span>
     <span class='ocr_line' id='line_1_25' title="bbox 98 2667 879 2740; baseline -0.003 -14"><span class='ocrx_word' id='word_1_170' title='bbox 98 2668 173 2726; x_wconf 77' lang='lat' dir='ltr'><strong>trirnr</strong></span> <span class='ocrx_word' id='word_1_171' title='bbox 200 2686 258 2725; x_wconf 89' lang='lat' dir='ltr'><strong>non</strong></span> <span class='ocrx_word' id='word_1_172' title='bbox 285 2668 354 2725; x_wconf 87' lang='lat' dir='ltr'><strong>licet</strong></span> <span class='ocrx_word' id='word_1_173' title='bbox 380 2667 483 2725; x_wconf 81' lang='lat' dir='ltr'><strong>fundos</strong></span> <span class='ocrx_word' id='word_1_174' title='bbox 509 2677 622 2725; x_wconf 88' lang='lat' dir='ltr'><strong>nostros</strong></span> <span class='ocrx_word' id='word_1_175' title='bbox 648 2667 738 2740; x_wconf 86' lang='lat' dir='ltr'><strong>obire,</strong></span> <span class='ocrx_word' id='word_1_176' title='bbox 763 2670 811 2726; x_wconf 85' lang='lat' dir='ltr'><strong>adt</strong></span> <span class='ocrx_word' id='word_1_177' title='bbox 834 2685 879 2725; x_wconf 87' lang='lat' dir='ltr'><strong>res</strong></span> 
     </span>
     <span class='ocr_line' id='line_1_26' title="bbox 98 2763 922 2836; baseline -0.004 -14"><span class='ocrx_word' id='word_1_178' title='bbox 98 2765 231 2836; x_wconf 86' lang='lat' dir='ltr'><strong>rusticas,</strong></span> <span class='ocrx_word' id='word_1_179' title='bbox 251 2765 294 2822; x_wconf 80' lang='lat' dir='ltr'><strong>sel</strong></span> <span class='ocrx_word' id='word_1_180' title='bbox 316 2765 425 2824; x_wconf 82' lang='lat' dir='ltr'><strong>sructds</strong></span> <span class='ocrx_word' id='word_1_181' title='bbox 445 2765 532 2822; x_wconf 82' lang='lat' dir='ltr'><strong>ceusd</strong></span> <span class='ocrx_word' id='word_1_182' title='bbox 552 2763 596 2821; x_wconf 84' lang='lat' dir='ltr'><strong>vel</strong></span> <span class='ocrx_word' id='word_1_183' title='bbox 615 2763 823 2834; x_wconf 83' lang='lat' dir='ltr'><strong>delectationis,</strong></span> <span class='ocrx_word' id='word_1_184' title='bbox 837 2763 922 2821; x_wconf 61' lang='lat' dir='ltr'><strong>indo</strong></span> 
     </span>
     <span class='ocr_line' id='line_1_27' title="bbox 99 2860 879 2931; baseline -0.001 -14"><span class='ocrx_word' id='word_1_185' title='bbox 99 2861 209 2918; x_wconf 77' lang='lat' dir='ltr'><strong>riserei</strong></span> <span class='ocrx_word' id='word_1_186' title='bbox 230 2871 325 2920; x_wconf 89' lang='lat' dir='ltr'><strong>tamen</strong></span> <span class='ocrx_word' id='word_1_187' title='bbox 345 2879 429 2918; x_wconf 88' lang='lat' dir='ltr'><strong>nemo</strong></span> <span class='ocrx_word' id='word_1_188' title='bbox 449 2871 507 2918; x_wconf 89' lang='lat' dir='ltr'><strong>tarn</strong></span> <span class='ocrx_word' id='word_1_189' title='bbox 527 2860 590 2918; x_wconf 90' lang='lat' dir='ltr'><strong>sine</strong></span> <span class='ocrx_word' id='word_1_190' title='bbox 609 2860 711 2931; x_wconf 80' lang='lat' dir='ltr'><strong>oculis,</strong></span> <span class='ocrx_word' id='word_1_191' title='bbox 731 2870 789 2917; x_wconf 87' lang='lat' dir='ltr'><strong>tam</strong></span> <span class='ocrx_word' id='word_1_192' title='bbox 816 2861 879 2917; x_wconf 91' lang='lat' dir='ltr'><strong>sine</strong></span> 
     </span>
     <span class='ocr_line' id='line_1_28' title="bbox 99 2956 879 3033; baseline 0 -19"><span class='ocrx_word' id='word_1_193' title='bbox 99 2968 194 3014; x_wconf 76' lang='lat' dir='ltr'><strong>niente</strong></span> <span class='ocrx_word' id='word_1_194' title='bbox 208 2957 286 3029; x_wconf 86' lang='lat' dir='ltr'><strong>vivit,</strong></span> <span class='ocrx_word' id='word_1_195' title='bbox 300 2967 340 3029; x_wconf 91' lang='lat' dir='ltr'><strong>ut,</strong></span> <span class='ocrx_word' id='word_1_196' title='bbox 356 2957 424 3033; x_wconf 89' lang='lat' dir='ltr'><strong>qnid</strong></span> <span class='ocrx_word' id='word_1_197' title='bbox 437 2957 473 3014; x_wconf 85' lang='lat' dir='ltr'><strong>sit</strong></span> <span class='ocrx_word' id='word_1_198' title='bbox 491 2956 626 3016; x_wconf 87' lang='lat' dir='ltr'><strong>sementis</strong></span> <span class='ocrx_word' id='word_1_199' title='bbox 640 2975 674 3014; x_wconf 88' lang='lat' dir='ltr'><strong>ac</strong></span> <span class='ocrx_word' id='word_1_200' title='bbox 688 2956 797 3026; x_wconf 86' lang='lat' dir='ltr'><strong>messis,</strong></span> <span class='ocrx_word' id='word_1_201' title='bbox 810 2956 879 3030; x_wconf 88' lang='lat' dir='ltr'><strong>qnid</strong></span> 
     </span>
    </p>
   </div>
   <div class='ocr_carea' id='block_1_3' title="bbox 101 3051 963 3206">
    <p class='ocr_par' dir='ltr' id='par_1_3' title="bbox 101 3051 963 3206">
     <span class='ocr_line' id='line_1_29' title="bbox 101 3051 963 3131; baseline 0.001 -20"><span class='ocrx_word' id='word_1_202' title='bbox 101 3053 231 3112; x_wconf 72' lang='lat' dir='ltr'><strong>uberum</strong></span> <span class='ocrx_word' id='word_1_203' title='bbox 250 3054 362 3131; x_wconf 84' lang='lat' dir='ltr'><strong>potatio</strong></span> <span class='ocrx_word' id='word_1_204' title='bbox 382 3071 417 3112; x_wconf 86' lang='lat' dir='ltr'><strong>ec</strong></span> <span class='ocrx_word' id='word_1_205' title='bbox 437 3052 547 3128; x_wconf 83' lang='lat' dir='ltr'><strong>vitium,</strong></span> <span class='ocrx_word' id='word_1_206' title='bbox 566 3071 630 3129; x_wconf 29' lang='lat' dir='ltr'><strong>qno,</strong></span> <span class='ocrx_word' id='word_1_207' title='bbox 645 3065 774 3129; x_wconf 82' lang='lat' dir='ltr'><strong>tempore</strong></span> <span class='ocrx_word' id='word_1_208' title='bbox 800 3051 878 3126; x_wconf 90' lang='lat' dir='ltr'><strong>anni,</strong></span> <span class='ocrx_word' id='word_1_209' title='bbox 959 3060 963 3070; x_wconf 83' lang='lat'><strong><em>‘</em></strong></span> 
     </span>
     <span class='ocr_line' id='line_1_30' title="bbox 330 3147 377 3206; baseline 0.021 -24"><span class='ocrx_word' id='word_1_210' title='bbox 330 3149 351 3206; x_wconf 70' lang='grc'>9</span> <span class='ocrx_word' id='word_1_211' title='bbox 360 3147 377 3183; x_wconf 62' lang='lat'>0</span> 
     </span>
    </p>
   </div>
   <div class='ocr_carea' id='block_1_4' title="bbox 0 0 1098 3567">
    <p class='ocr_par' dir='ltr' id='par_1_4' title="bbox 0 0 1098 3567">
     <span class='ocr_line' id='line_1_31' title="bbox 0 0 1098 3567; baseline 0 0"><span class='ocrx_word' id='word_1_212' title='bbox 0 0 1098 3567; x_wconf 95' lang='lat' dir='ltr'><strong> </strong></span> 
     </span>
    </p>
   </div>
  </div>
 </body>
</html>
