2167 3567
99 298 170 361 nr]
384 302 428 349 nn
449 302 612 350 anatona.

99 449 282 535 Academia,
304 451 445 511 adversari
465 472 577 529 semper
596 452 729 511 omnibus
744 451 775 510 in
792 452 888 528 dispu-

102 547 208 617 tando;
229 548 281 605 sed
301 568 367 607 oum
382 550 503 608 maxime
517 560 614 608 tamen
627 549 683 608 boe
695 549 886 627 significabat,

100 662 164 715 eos,
184 644 234 719 qui
253 646 382 703 rhetores
406 646 629 717 nominarentur,
649 659 679 703 et
699 646 747 721 qni
771 645 886 703 dioendi

99 750 247 817 precepta
273 741 427 814 traderent,
454 742 525 799 nihil
552 743 638 817 plane
663 751 770 813 tenere,
794 760 887 818 neque

99 854 188 912 posse
201 855 371 913 quemquam
386 838 551 897 facultatem
566 838 678 913 assequi
689 837 817 910 dicendi,
831 838 887 896 nisi
900 851 918 901 5

100 932 151 1009 qni
165 933 401 1011 philosophorum
415 934 530 993 inventa
544 934 699 993 didicisset.

141 1126 229 1185 XIX.
264 1126 457 1204 Disputabant
482 1138 584 1186 oontra
615 1127 715 1186 diserti
747 1126 887 1200 homines,
913 1144 917 1150 ’

103 1223 309 1296 Athenienses,
329 1235 359 1281 et
379 1224 409 1284 in
423 1225 577 1300 republiei
603 1224 755 1299 oansisque
775 1224 888 1296 versati,

103 1319 134 1377 in
162 1319 227 1395 quis
253 1330 315 1378 erat
337 1320 424 1378 etiarn
447 1321 481 1393 is,
506 1321 555 1398 qui
580 1340 672 1397 nuper
698 1320 801 1379 Rome
824 1320 887 1393 luit,

103 1415 307 1489 Menedemus,
321 1417 424 1493 hospes
438 1436 518 1476 meus
526 1438 534 1488 ;
555 1418 605 1492 qui
619 1436 686 1475 ourn
704 1418 813 1476 diceret
826 1436 889 1475 esse
904 1422 935 1473 1⁰

103 1512 249 1588 quandam
269 1514 538 1589 prudentiamque
558 1524 717 1573 versaretur
737 1514 767 1572 in
783 1514 890 1591 perspi·

103 1608 218 1668 oiendis
247 1609 404 1667 rationibus
437 1610 701 1669 constituendarum
731 1622 761 1669 et
789 1630 890 1688 regen·

102 1704 213 1763 aarum
241 1723 336 1763 rerum
368 1705 559 1782 publicarum,
590 1706 769 1765 excitabatur
802 1708 889 1764 homo

102 1814 254 1878 promptus
283 1802 319 1860 ab
350 1801 466 1859 homine
499 1801 657 1860 abundanti
690 1803 833 1876 doetrint,
860 1813 889 1861 et

102 1898 230 1974 quddam
262 1897 424 1957 incredibili
451 1898 588 1957 varietate
618 1918 713 1957 rerum
738 1909 769 1957 et
795 1900 887 1975 eupit.
903 1905 935 1955 15

103 1994 219 2055 Omnes
230 1994 307 2052 enim
320 2005 414 2070 partes
428 1994 505 2053 illius
519 1995 608 2070 ipsius
618 1995 779 2071 prudentie
791 2006 890 2071 peten-

103 2091 157 2149 das
176 2108 241 2149 esse
261 2109 278 2148 a
294 2090 475 2165 philosophiis
502 2091 627 2162 dicebat,
648 2110 741 2166 neque
760 2110 804 2162 ea,
825 2110 889 2167 qne

103 2196 298 2247 statuerentur
318 2186 349 2243 in
368 2186 516 2262 republiet
536 2188 574 2244 de
593 2185 658 2244 Diis
671 2186 888 2258 immortalibus,

104 2284 142 2341 de
156 2282 310 2358 disoiplind
328 2282 494 2358 juventutis,
508 2282 548 2349 da,
555 2281 677 2359 justitie,
691 2274 728 2338 de
739 2281 889 2356 patientid,

104 2381 142 2438 de
156 2378 355 2455 temperantid,
370 2379 406 2436 de
419 2380 506 2437 modo
520 2396 617 2437 rerum
631 2377 769 2446 omnium,
784 2387 892 2435 uetera·
904 2387 937 2439 2)

103 2494 172 2551 que,
197 2474 260 2534 sine
286 2474 389 2551 quibus
415 2474 546 2533 civitates
572 2485 621 2533 aut
646 2494 720 2546 me,
742 2485 791 2533 ant
816 2474 891 2534 bene

104 2582 223 2631 moratae
250 2590 312 2630 esse
342 2590 401 2631 non
433 2577 560 2647 possent,
587 2590 707 2647 nsquam
733 2571 763 2630 in
790 2590 890 2631 eorum

105 2668 230 2727 inveniri
252 2668 366 2727 libellis.
419 2667 510 2729 Quod
534 2667 691 2726 sitantum
714 2669 770 2726 vim
795 2687 890 2726 rerum

104 2765 295 2823 maximarum
316 2776 376 2823 arte
395 2764 448 2822 sut
464 2764 600 2822 rhetorici
613 2764 655 2822 illi
668 2765 802 2823 doetores
814 2782 891 2823 oom-

103 2862 317 2939 pleeterentur:
350 2860 505 2936 querebat,
533 2880 585 2919 our
613 2861 650 2918 de
680 2861 834 2937 prooemiis,
861 2868 891 2917 et
904 2868 938 2919 25

105 2960 141 3018 do
159 2958 291 3038 epilogis,
312 2966 342 3015 et
364 2956 401 3023 de
427 2956 591 3033 hujusmodi
616 2958 703 3035 nugis
729 2956 786 3034 (sio
811 2955 890 3014 enim
