2167 3567
137 329 165 376 n.
176 329 218 391 rr]
420 333 463 380 ns
485 333 650 381 onerosa.
911 321 969 384 ttt

138 477 293 556 impolitus,
315 501 447 560 magnam
467 483 661 560 eloquentiam
681 482 717 540 ad
740 481 924 540 scribendum

139 577 242 649 attulit,
257 578 307 634 red
321 579 430 636 nullum
446 599 526 638 usum
542 581 694 637 sorensem.

179 673 251 731 Haeo
284 694 350 732 auru
385 676 433 733 ille
466 676 592 748 dixisset,
618 676 701 737 Quid
733 685 786 746 est,
820 674 921 749 inquit,

137 769 251 842 Catule,
269 771 386 829 Caesarl
407 772 456 830 ubi
477 784 552 844 sunt,
573 773 621 847 qui
641 772 801 829 Antonium
820 770 923 828 Groeoa

137 877 244 942 negant
264 867 359 925 sciret
380 878 450 944 quot
470 867 622 925 historicos
641 867 815 924 nominavit!
836 873 952 940 quamb

138 961 279 1019 scienter!
314 982 399 1037 quarn
426 965 540 1040 proprie
568 964 604 1020 de
631 980 803 1038 unoquoque
833 962 920 1019 dixitl

137 1055 182 1129 Id,
204 1058 378 1130 mehercule,
406 1060 498 1135 inquit
524 1060 645 1117 Catulus
672 1059 825 1130 admirans,
851 1058 921 1115 illud

135 1153 194 1230 jam
214 1155 311 1212 mirari
331 1155 441 1227 desino,
457 1156 532 1231 quod
549 1156 745 1231 multomagis
759 1165 825 1212 ante
841 1154 923 1212 mira·

138 1250 198 1321 bar,
214 1251 388 1323 hune,'oum
408 1252 470 1309 haee
490 1253 623 1322 nesciret,
644 1251 674 1308 iu
695 1251 819 1308 dioendo
837 1267 922 1326 90200

137 1357 257 1404 tantum.
312 1348 412 1423 Atqui,
433 1347 546 1418 Catule,
567 1347 658 1422 inquit
686 1347 841 1417 Antonius,
861 1363 920 1402 non
937 1355 967 1406 1⁰

137 1461 193 1519 ego
214 1443 365 1500 utilitatem
387 1444 507 1518 aliquem
530 1443 565 1500 ad
585 1443 739 1504 dioendum
765 1461 920 1517 auuupans,

138 1541 240 1596 horum
260 1539 358 1619 libros,
373 1551 401 1596 et
416 1538 570 1596 nonnullos
591 1539 671 1609 alios,
685 1539 735 1595 sed
756 1537 921 1595 delectatio·

137 1635 183 1694 nis
204 1636 301 1707 causti,
322 1655 388 1693 eum
410 1646 452 1692 est
472 1636 572 1706 otium,
593 1634 689 1711 legere
710 1633 798 1692 soleo.
838 1633 921 1696 Quid

138 1751 206 1808 ergo
227 1733 289 1789 estl
317 1732 442 1790 fatebor:
471 1730 578 1806 aliquid
601 1741 713 1789 tamen:
741 1740 782 1801 ut,
804 1743 870 1787 oum
891 1729 920 1786 in

138 1829 199 1884 sole
220 1827 372 1899 ambulem,
393 1827 505 1885 etiamsi
526 1827 610 1885 aliam
631 1827 668 1885 ob
689 1843 804 1884 oausam
825 1825 967 1890 amba-15

137 1924 204 1996 lem,
230 1924 290 1982 fieri
314 1925 415 1981 naturd
438 1935 545 1996 tamen,
567 1934 600 1980 ut
622 1921 831 1992 eolorertsiu,
853 1941 921 1979 oum

138 2019 208 2077 istos
227 2019 316 2077 libros
337 2020 372 2078 ad
393 2019 538 2077 Misenum
560 2018 640 2095 (nam
661 2018 763 2075 Romu
778 2017 824 2075 vix
837 2018 919 2097 linet)

138 2113 293 2172 studiosius
312 2114 441 2191 legerim,
456 2114 550 2170 sentio
569 2112 726 2171 orationem
746 2130 841 2168 meam
860 2112 922 2169 illo·

137 2229 200 2280 rum
221 2220 300 2269 taotu
320 2210 400 2287 quasi
421 2210 553 2268 colorari.
606 2209 675 2280 Sed,
695 2227 733 2266 ne
752 2209 838 2265 latius
864 2208 920 2265 boe

138 2307 218 2364 robis
237 2317 335 2383 patere
354 2306 493 2379 videatur,
515 2306 578 2364 haee
596 2306 733 2363 duntaxat
754 2304 785 2362 in
810 2303 921 2361 Grauis
934 2309 966 2360 tt)

138 2401 277 2480 intelligo,
298 2421 360 2477 qua
381 2403 446 2479 ipsi,
465 2403 514 2478 qui
534 2402 719 2478 seripserunt,
732 2402 884 2459 voluerunt
904 2420 922 2458 a

137 2499 222 2576 vulgo
242 2499 381 2576 intelligi:
402 2500 431 2557 in
448 2499 634 2575 philosophos
645 2508 754 2556 vestros
767 2498 792 2555 si
806 2497 921 2572 quando

138 2595 238 2666 incidi,
260 2595 397 2670 deeeptus
420 2594 565 2653 indicibus
590 2594 737 2664 librorum,
757 2593 833 2669 quod
853 2602 921 2651 sunt

138 2691 197 2748 lere
224 2691 353 2767 inseripti
374 2691 409 2748 de
429 2691 514 2748 rebus
540 2691 619 2748 notis
641 2699 671 2747 et
696 2690 863 2762 illustribus,
884 2689 920 2747 de

136 2787 251 2859 virtute,
272 2786 308 2844 de
332 2787 453 2863 justitia,
474 2788 510 2844 de
530 2788 689 2858 honestate,
710 2786 746 2842 de
766 2786 919 2861 voluptate,
933 2794 966 2844 25

136 2885 254 2941 verbum
277 2902 393 2959 prorsus
416 2885 525 2941 nullum
549 2883 695 2960 intelligo:
726 2882 766 2939 ita
785 2890 852 2938 sunt
873 2899 921 2938 an·

136 2979 228 3058 gustis
246 2989 275 3037 et
295 2980 420 3038 nonnisis
440 2979 677 3056 disputationibus
690 2977 807 3055 illigati!
848 2977 921 3036 Pos-

136 3075 430 3152 nonnumquam
451 3075 508 3136 alit
529 3075 652 3153 quddam
674 3073 777 3154 tingat·
796 3073 919 3148 leontos,

375 3172 412 3230 12
