2167 3567
92 338 171 397 ιι]
385 336 428 383 nu
450 336 613 383 amnone.
894 318 937 377 57

91 487 165 544 siue
184 486 385 564 designatione
402 499 586 562 personarum
599 498 628 543 et
640 494 817 560 temporum
840 491 889 541 aut

92 584 134 642 de
157 602 189 641 re
210 584 298 641 certis
319 584 349 641 iu
369 584 499 659 personis
523 601 558 640 ac
583 582 757 658 temporibus
782 580 886 639 locati.

92 679 132 737 In
155 680 279 755 utrisque
300 690 395 737 autem
416 698 446 737 re
467 677 605 754 quidquid
619 678 650 735 in
664 678 887 735 controversiam

94 776 207 849 veniat,
222 776 253 832 in
267 795 303 833 eo
317 776 405 851 quaeri
419 776 521 847 solere,
537 785 585 832 aut
602 775 747 833 factumne
766 774 813 846 sit,
829 785 887 843 aut,

93 872 119 929 si
142 882 189 929 est
210 872 330 943 sactum,
349 872 432 947 quale
452 872 498 941 sit,
521 871 674 928 autetiam
694 889 751 946 quo
770 870 920 927 nomines

93 979 230 1040 vocetur,
259 979 317 1040 ant,
346 967 422 1043 quod
455 968 585 1025 nonnulli
620 969 737 1039 addunt,
771 978 888 1026 rectene

94 1065 209 1123 facturn
231 1083 295 1123 esse
316 1064 454 1122 videatur.
508 1064 639 1121 Existere
660 1075 753 1122 autem
775 1075 889 1122 contro-

94 1162 209 1219 versias
230 1161 317 1218 etiam
338 1160 492 1235 exscripti
520 1160 761 1237 interpretatione,
782 1161 889 1235 inquo

97 1268 150 1315 aut
165 1258 301 1333 ambigue
315 1257 383 1332 quid
397 1258 433 1313 sit
447 1258 595 1333 scriptum,
610 1267 658 1314 aut
672 1256 824 1328 contrarie,
840 1267 888 1313 aut

97 1352 152 1423 ita,
166 1362 200 1409 ut
216 1352 388 1409 asententiai
404 1352 540 1428 scripturn
556 1351 708 1422 dissideat;
729 1351 774 1409 his
794 1364 887 1409 autem
904 1355 935 1403 10

99 1448 239 1504 omuibus
258 1448 386 1522 partibus
410 1448 539 1523 subjecta
562 1448 690 1522 quedam
717 1466 780 1504 esse
807 1466 886 1525 argu·

99 1554 202 1602 menta
233 1544 356 1620 propria.
412 1542 470 1600 Sed
505 1562 665 1615 causarum,
693 1564 755 1619 que
788 1545 845 1602 siut
872 1564 886 1602 a

101 1640 252 1697 communi
273 1640 429 1715 questione
449 1640 595 1715 sejuncta,
609 1640 711 1715 partim
725 1641 755 1699 iu
771 1641 888 1718 judiciis

101 1737 221 1808 uersari,
242 1736 395 1811 partimin
416 1736 686 1794 deliberationibus:
713 1755 776 1794 esse
802 1738 888 1795 etiarn

102 1852 197 1909 genus
216 1833 343 1903 tertium,
358 1833 434 1907 quod
454 1832 484 1889 in
504 1832 655 1890 laudandis
669 1843 718 1891 aut
731 1834 890 1910 vituperau-
904 1837 936 1886 15

102 1929 149 1985 dis
169 1928 335 1986 hominibus
355 1939 524 2005 poneretur:
548 1939 697 2004 certosque
717 1949 779 1987 esse
799 1914 920 2003 locoss

103 2024 210 2099 quibus
231 2022 260 2080 in
278 2022 396 2098 judiciis
418 2033 571 2095 uteremur,
592 2024 622 2081 in
642 2026 745 2099 quibus
772 2028 889 2101 aequitas

104 2130 297 2196 quereretur:
320 2120 390 2176 alios
405 2119 434 2177 in
448 2120 711 2193 deliberationibus,
725 2122 773 2197 qui
789 2141 890 2181 omnes

103 2216 142 2274 ‘ad
162 2216 314 2274 utilitatem
342 2216 532 2292 dirigerentur
560 2236 669 2287 eorum,
693 2218 796 2292 quibus
823 2238 890 2277 con·

105 2312 201 2370 silium
223 2312 372 2381 daremus3
396 2312 464 2369 alios
485 2313 553 2369 item
574 2314 602 2369 in
623 2314 844 2386 laudationibus,
859 2316 888 2372 in
904 2316 937 2367 20

105 2408 211 2483 quibu's
232 2407 267 2464 sd
287 2426 471 2483 personarum
496 2409 663 2485 dignitatern
689 2410 786 2468 omnia
805 2412 890 2469 reser-

104 2514 213 2562 rentur.
260 2504 392 2578 Cumque
419 2516 493 2561 esset
520 2505 613 2562 omnis
640 2507 760 2563 oratoris
785 2508 828 2565 vis
855 2528 889 2566 ac

106 2599 228 2657 facultas
249 2599 278 2657 in
295 2600 419 2675 quinque
439 2610 534 2675 partes
555 2602 713 2674 distributa,
728 2614 760 2660 ut
773 2605 890 2663 deberet

9 2748 10 2761 ,
106 2696 231 2771 reperire
249 2696 384 2771 primum,
405 2697 473 2771 quid
493 2697 618 2768 diceret;
646 2698 750 2757 deinde
774 2700 889 2758 inventa

107 2810 165 2850 non
186 2793 278 2849 solum
299 2792 409 2863 ordine,
427 2792 477 2849 sed
497 2792 583 2851 etiam
603 2807 749 2853 momento
769 2796 889 2870 quodam
905 2803 938 2852 ὅ

109 2899 192 2963 atque
214 2888 324 2964 judicio
339 2890 501 2964 dispensare
521 2900 605 2965 atque
619 2898 808 2968 componere;
829 2902 890 2949 tum

108 3004 142 3043 ea
161 2985 287 3061 denique
306 2986 410 3043 vestire
431 2996 516 3061 atque
535 3006 638 3045 ornare
658 2988 804 3056 oratione3
826 2998 891 3064 post

9 3146 10 3149 Ἴ
108 3081 247 3143 memorii
267 3082 378 3158 sepire;
399 3082 606 3142 ad‘extremum
621 3102 706 3163 agere
720 3102 786 3143 curu
799 3082 892 3164 digui-
