2167 3567
95 361 183 441 ·'r..1.]
393 378 437 425 on
458 376 623 424 onumen.
922 370 944 428 9
960 334 982 399 ¹²

111 525 276 601 rissimique
303 526 444 584 senserint
466 527 502 583 de
526 524 607 584 omni
633 526 746 585 ratione
772 525 896 584 dicendi.

113 622 168 680 Vis
188 623 275 695 enim,
296 632 328 680 ut
348 623 418 681 mihi
438 642 514 698 saepe
534 623 647 693 dixisti3
669 622 804 697 quonium
831 642 894 699 qum

109 719 219 795 pueris,
235 728 284 777 aut
299 719 518 777 adolescentulis
532 719 616 777 nobis
629 738 664 776 ex
678 720 897 777 commentario·

108 814 147 871 lis
160 816 266 872 nostris
287 815 422 873 inchoate
436 834 469 873 sc
484 814 567 872 rudia
586 815 764 886 exciderunt,
778 815 826 873 vix
842 815 896 873 hec

109 920 196 969 aetate
216 911 313 987 digna,
334 920 363 967 et
384 911 440 968 hoc
461 930 524 981 usu,
546 929 631 986 quern
651 929 687 969 ex
706 912 810 982 causis,
825 918 926 987 queso

108 1007 246 1077 diximus,
261 1017 304 1064 tot
317 1007 459 1081 tantisque
472 1027 479 1076 ;
500 1007 650 1065 consecuti
664 1026 771 1077 sumus,
788 1007 894 1082 aliquid

110 1102 213 1161 iisdem
234 1103 376 1161 derebus
401 1102 519 1178 politius
539 1122 557 1159 u
575 1102 658 1159 nobis
684 1103 894 1178 perfectiusque

108 1198 245 1273 proferri:
267 1198 397 1273 solesque
417 1215 624 1271 nonnunquam
644 1198 699 1253 huc
718 1198 755 1254 de
773 1218 804 1255 re
818 1218 835 1256 u
847 1217 894 1256 me

109 1294 141 1351 in
162 1294 401 1369 disputationibus
421 1294 526 1350 nostris
547 1293 714 1363 dissentire;
742 1295 818 1369 quod
838 1312 893 1371 ego

106 1390 396 1467 prudentissimorum
418 1390 565 1447 hominum
584 1390 690 1447 artibus
703 1390 891 1465 eloquentium
909 1397 940 1449 10

106 1486 253 1544 contineri
274 1496 412 1557 statuam
433 1497 464 1544 tu
486 1497 579 1545 autem
601 1486 678 1543 illurn
700 1487 735 1543 ab
748 1487 891 1563 eleguntid

108 1582 249 1639 doctrinm
283 1582 487 1659 segregandam
520 1592 613 1657 putes,
643 1593 673 1640 et
704 1582 734 1640 in
768 1585 891 1657 quodem

107 1678 220 1755 ingenii
241 1688 324 1753 atque
345 1678 557 1736 exercitationis
575 1697 681 1755 genere
699 1679 868 1755 ponendum.

149 1776 196 1831 Ac
224 1774 294 1831 mihi
323 1774 436 1849 quidem
471 1776 676 1850 sepenumero,
702 1775 733 1832 in
766 1794 892 1833 summos

108 1871 240 1927 homines
262 1862 295 1927 ad
316 1871 434 1929 summis
455 1871 579 1947 ingeniis
598 1871 733 1948 preditos
759 1872 891 1944 intuenti,
907 1880 938 1928 15

104 1967 294 2041 querendum
327 1984 390 2024 esse
421 1966 512 2023 visum
545 1976 598 2037 est,
626 1966 695 2041 quid
727 1977 812 2038 esset,
840 1986 891 2025 cur

105 2062 203 2138 plures
226 2062 256 2119 in
280 2062 412 2120 omnibus
434 2062 528 2131 rebus,
542 2082 626 2139 quam
649 2063 678 2119 in
700 2063 824 2120 dicendo
845 2064 893 2121 ud·

106 2157 254 2215 mirabiles
274 2158 464 2215 exstitissent:
485 2178 562 2230 nam,
583 2177 764 2234 quocumque
783 2170 812 2216 te
833 2160 892 2217 oni·

108 2272 157 2311 mo
177 2263 206 2311 et
226 2253 399 2330 cogitatione
420 2254 604 2321 converteris,
625 2256 780 2328 permultos
799 2255 892 2311 excel·

1 2411 5 2421 ,
104 2350 200 2407 lentes
228 2350 257 2406 in
285 2368 397 2424 quoque
423 2367 529 2425 genere
556 2349 676 2415 videbis,
700 2367 758 2405 non
785 2350 892 2406 medio-
905 2357 937 2407 2⁰

107 2446 200 2503 crium
230 2445 342 2516 ortium,
371 2446 420 2503 sed
447 2464 536 2521 prope
563 2444 758 2504 maximorum.
813 2446 891 2507 Quis

102 2542 186 2599 enirn
206 2552 259 2609 est,
280 2542 339 2616 qui,
359 2542 383 2599 si
405 2541 545 2600 clarorum
566 2541 713 2598 homiuum
740 2542 890 2600 scientiam

103 2656 204 2695 rerum
230 2648 374 2714 gestorum
401 2638 445 2694 vel
473 2638 596 2695 utilitate
622 2637 666 2694 rel
695 2640 890 2715 magnitudine

106 2734 203 2791 metiri
216 2733 293 2805 velit,
308 2752 367 2790 non
382 2743 535 2809 anteponat
548 2733 654 2790 oratori
673 2733 890 2810 imperatorem?

102 2829 184 2891 Quis
206 2841 300 2887 autern
320 2828 441 2900 dubitet,
456 2829 524 2903 quin
539 2829 606 2885 belli
621 2829 709 2887 duces
721 2830 891 2905 prestantis·
903 2848 936 2897 25

102 2925 196 2983 simos
216 2944 251 2982 ex
271 2925 327 2982 hac
346 2926 404 2982 und
425 2924 539 2981 civitate
558 2943 640 3000 paene
660 2925 888 2997 innumerabiles,

103 3020 284 3079 indicendo
305 3031 398 3079 autern
426 3021 666 3088 excellentesrix
691 3039 798 3097 paucos
826 3040 891 3097 pro-

103 3117 182 3177 ferre
201 3117 365 3196 possimus?
405 3117 471 3177 Jsm
491 3135 569 3194 vero,
583 3116 706 3175 consilio
725 3135 761 3173 ac
779 3118 891 3195 sopien-
