2167 3567
56 365 57 368 ,
105 331 179 393 nu]
388 331 430 380 un
452 329 614 381 onironn.
872 319 930 381 rot

101 480 328 553 simulemus,
348 499 431 557 quem
449 481 578 540 solebas:
599 495 691 556 neque
710 480 807 539 minus
824 480 886 538 ineo

104 587 205 635 tamen
218 587 267 635 tun
280 577 438 654 gratissimi
457 577 598 634 sermonis
614 577 725 650 lenitus,
739 596 824 653 quum
837 577 888 635 ille

104 691 221 730 summa
246 674 288 730 vis
320 683 349 730 et
381 673 538 744 eontentio,
564 673 714 748 probetur:
748 674 886 748 multique

107 777 235 824 oratores
256 769 378 840 suerunt,
399 769 529 827 utillum
553 769 719 844 Scipionem
746 770 884 842 eudimus,

106 874 137 920 et
151 865 280 936 Laelium,
295 865 342 939 qni
361 865 456 922 omnia
466 883 600 922 sermone
611 864 789 922 eonfiterent
799 865 914 939 peulod

105 959 271 1030 intentiore,
298 979 453 1034 nunquam,
477 971 508 1016 ut
533 958 597 1016 Ser.
624 959 725 1030 Galba,
749 959 886 1017 luteribus

106 1066 158 1113 eut
181 1056 305 1113 elamore
329 1057 539 1114 contenderent.
589 1055 679 1118 Quod
702 1055 726 1112 si
746 1055 805 1131 jem
828 1055 885 1112 boe

105 1151 203 1208 fecere
229 1170 286 1209 non
313 1151 427 1228 poteris,
450 1161 497 1209 eut
520 1150 617 1220 noles;
644 1150 758 1221 vereris,
779 1169 816 1206 ne
835 1163 886 1208 tue

106 1247 217 1318 domus,
232 1248 296 1304 talis
316 1257 344 1304 et
364 1247 416 1304 viri
436 1257 465 1304 et
485 1247 564 1318 siris,
579 1246 603 1303 si
618 1244 780 1322 elitigiosis
795 1246 883 1303 homi·

104 1342 191 1399 nibus
210 1361 268 1400 non
289 1341 408 1414 coletur,
430 1343 568 1400 testeris
593 1342 758 1399 deseratur?
797 1341 883 1416 Equi·
897 1351 927 1402 10

103 1437 170 1494 dem
198 1446 306 1496 tantum
335 1439 433 1496 absum
460 1439 495 1494 ab
517 1438 573 1494 istd
592 1437 747 1509 sententii,
771 1448 882 1495 utnon

106 1535 192 1591 modo
213 1552 270 1591 non
292 1535 409 1591 arbitrer
433 1533 767 1590 subsidiumseueetutis
786 1533 817 1590 in
835 1551 882 1590 eo-

105 1647 178 1700 rum,
201 1630 250 1706 qui
277 1630 437 1687 consultum
463 1630 588 1701 veniant,
610 1629 793 1686 multitudine
818 1647 882 1687 esse

104 1727 277 1800 ponendum,
298 1727 357 1797 sed,
375 1736 510 1800 tunquam
536 1735 649 1802 portum
673 1725 809 1800 aliquem,
834 1744 882 1784 ex·

103 1833 229 1897 spectem
263 1823 355 1893 istam,
388 1841 473 1896 quam
505 1832 536 1878 tu
569 1822 662 1893 times,
690 1821 879 1880 solitudinem.
895 1831 926 1880 15

103 1913 270 1974 Subsidium
291 1918 368 1974 enim
388 1918 574 1975 bellissimum
590 1917 724 1974 existimo
749 1935 813 1975 esse
838 1937 881 1976 se·

104 2014 213 2070 nectuti
227 2011 324 2070 otium.
715 2022 720 2030 '

134 2107 268 2182 ”Reliqua
299 2125 366 2165 vero
399 2107 510 2165 etiamsi
543 2106 686 2182 efflorent,
722 2106 880 2183 (historiam

102 2201 179 2272 dieo,
194 2212 222 2258 et
235 2203 413 2277 prudentiam
430 2201 503 2277 juris
522 2201 639 2278 publici,
657 2212 687 2258 et
707 2202 880 2276 antiquitatis

105 2298 167 2368 iter,
179 2298 413 2374 etexemplorum
427 2298 554 2376 copiam)
566 2297 593 2354 si
605 2297 719 2373 quondo
731 2315 803 2372 opus
815 2301 878 2365 erit,

106 2394 201 2451 sriro
221 2394 337 2469 optimo,
358 2404 386 2451 et
407 2394 468 2451 istis
487 2394 573 2450 rebus
594 2392 820 2464 instructissimo,
841 2394 879 2450 se·
892 2397 925 2448 nt

103 2489 205 2547 miliari
226 2509 299 2560 meo,
315 2489 446 2566 Longino
466 2489 624 2548 mutuabor.
664 2488 766 2563 Neque
779 2507 880 2565 repug-

104 2586 188 2656 nabo,
213 2603 270 2660 quo
292 2586 387 2643 minus
409 2585 452 2662 (id
476 2585 662 2661 quodmodo
684 2585 811 2642 hortatus
833 2586 877 2663 es)

104 2681 200 2739 omnis
225 2681 331 2758 legent,
357 2683 454 2739 omnin
485 2682 612 2752 andiunt,
638 2681 669 2737 in
692 2680 772 2738 omni
799 2691 879 2738 resto

104 2777 198 2834 studio
219 2787 303 2852 atque
323 2777 497 2834 humanitate
513 2786 677 2834 versentur:
694 2775 758 2846 sed,
771 2775 879 2832 meher-

107 2872 178 2943 cule,
192 2891 248 2931 non
263 2873 303 2930 ita
317 2872 434 2930 multum
449 2873 531 2947 spatii
545 2872 615 2928 mibi
629 2871 748 2942 videtur,
759 2870 783 2926 si
796 2870 879 2928 modo
892 2875 924 2928 a

106 2985 139 3026 es
158 2968 252 3026 lacere
271 2978 301 3026 et
319 2969 450 3044 persequi
469 2968 574 3039 volent,
595 2985 658 3042 quae
676 2986 695 3024 n
712 2976 752 3037 te,
766 2965 880 3037 Orasse,

17 3119 20 3125 ,
105 3075 246 3143 presepts
267 3074 351 3136 mnt3
384 3063 433 3141 qui
459 3063 529 3122 mibi
554 3078 646 3145 prope
674 3062 764 3122 &em
793 3060 881 3122 υἱώ
