2167 3567
156 317 211 376 118
376 341 379 348 ·
471 329 514 376 na
537 327 698 375 onnrorur.
897 324 978 389 [nrt

198 475 311 550 Crasse,
336 479 384 553 qui
408 479 437 537 in
461 480 624 538 civitatibus
650 480 710 536 suis
736 481 806 538 olari
829 490 858 538 et
879 478 979 556 magni

198 571 322 646 suerunt,
346 576 431 633 sicuti
455 588 485 634 tu
509 596 550 648 es,
574 595 682 652 nosque
705 595 804 633 omnes
826 577 856 635 in
879 575 979 632 nostrai

196 673 343 746 republicd
364 673 491 730 volumus
511 692 583 744 esse,
605 673 705 729 horum
731 672 907 743 Graecorum,
928 671 978 746 qui

196 786 227 824 se
255 753 401 825 inculcant
428 767 684 839 auribus‘nostris,
711 768 818 824 similes
846 767 976 825 luerunt:

167 868 183 914 5
198 881 251 920 neo
272 875 367 921 tamen
383 865 410 920 in
426 864 485 921 otio
505 884 650 921 sermones
670 864 840 940 hujusmodi,
855 863 978 940 disputa·

196 960 343 1033 tionesque
368 959 522 1036 fugiebant.
577 959 666 1017 Ausi
687 959 740 1016 tibi
766 959 906 1030 ridentur,
927 958 976 1034 qui

195 1055 341 1130 temporis,
363 1056 411 1129 qui
431 1056 497 1127 loci,
519 1056 567 1129 qui
594 1055 740 1112 hominum
761 1055 897 1111 rationem
917 1073 977 1116 non

197 1149 311 1221 habent,
327 1152 425 1226 inepti,
440 1152 514 1208 siout
534 1153 639 1209 debent
652 1151 757 1221 videri;
779 1169 847 1207 num
861 1149 977 1208 tandem

198 1258 245 1304 aut
265 1248 346 1304 locus
367 1249 413 1304 hic
434 1266 492 1304 non
513 1248 631 1304 idoneus
645 1236 764 1318 videtur,
780 1247 808 1303 in
823 1265 879 1320 quo
892 1245 977 1324 porti-¹

152 1351 182 1400 10
197 1362 248 1399 cus
273 1341 336 1400 haec
364 1343 432 1418 ipsa,
455 1343 503 1399 ubi
532 1343 717 1412 ambulemus,
738 1352 767 1398 et
788 1341 925 1417 palaestra,
946 1350 976 1398 et

196 1450 238 1496 tot
259 1429 330 1495 locis
353 1439 502 1509 sessiones,
526 1437 737 1514 gymnasiorum
760 1447 789 1493 et
811 1437 976 1497 Graecarum

197 1535 418 1609 disputationum
440 1535 605 1590 memoriam
626 1532 832 1608 quodammodo
852 1552 976 1592 commo·
999 1587 1004 1599 ,

196 1632 283 1686 ventl
319 1641 366 1686 aut
393 1631 586 1705 importunum
612 1640 723 1704 tempus
750 1615 882 1687 intanto
905 1630 975 1702 otiu,

197 1726 271 1800 quod
298 1736 328 1782 et
353 1744 417 1783 raro
444 1725 535 1796 datur,
560 1736 589 1782 et
615 1744 692 1782 nuno
719 1736 867 1801 peroptato
893 1727 976 1784 nobis

153 1829 183 1878 15
197 1823 293 1878 datum
308 1821 369 1879 e'stl
391 1833 438 1879 aut
459 1822 589 1878 homines
611 1822 646 1878 ab
665 1821 720 1878 hoc
734 1840 839 1898 genere
853 1822 977 1898 disputa·

196 1919 282 1975 tionis
304 1917 397 1988 alieni,
419 1918 467 1992 qui
495 1937 594 1974 omnes
614 1917 646 1974 hi
664 1936 770 1988 sumus,
791 1929 823 1975 ut
842 1919 904 1975 sine
923 1918 976 1975 ⁴his

196 2013 298 2069 studiis
324 2014 409 2069 vitam
436 2012 542 2069 nullam
569 2030 631 2068 esse
658 2012 816 2070 ducamus?
869 2011 976 2070 Omnia

197 2109 259 2178 ists,
282 2109 373 2183 inquit
394 2109 523 2176 Crassus,
545 2125 599 2183 ego
620 2106 675 2163 alio
696 2107 780 2164 modo
796 2107 974 2183 interpretor,

196 2205 244 2279 qui
271 2205 392 2280 primum
418 2203 586 2279 palaestram,
613 2212 642 2258 et
668 2202 812 2272 sedes‚'et
837 2202 974 2277 porticus,

151 2309 182 2358 20
197 2301 281 2356 etiam
309 2300 394 2374 ipsos,
419 2299 531 2369 Catule,
559 2299 683 2368 Graecos,
710 2298 920 2354 exercitationis
947 2310 976 2356 et

197 2395 394 2452 delectationis
414 2395 510 2463 causti,
525 2413 583 2449 non
604 2393 811 2467 disputationis,
833 2393 974 2450 invenisse

198 2489 325 2548 aibitror.
366 2489 441 2546 Nam
462 2500 490 2546 et
510 2489 622 2545 saeculis
641 2487 737 2544 multis
751 2499 816 2545 ante
829 2490 976 2564 gymnasia

197 2587 312 2643 inventa
338 2596 412 2656 sunt,
439 2604 522 2660 quam
550 2585 579 2640 in
607 2584 651 2640 his
676 2584 836 2660 philosophi
867 2586 975 2662 garrire

197 2691 353 2756 caeperunt,
381 2690 410 2736 et
436 2681 492 2737 hoo
525 2681 587 2754 ipso
619 2690 756 2753 tempore,
783 2699 849 2737 cum
879 2682 976 2740 omnia

151 2791 182 2842 25
197 2771 344 2855 gymnasia
357 2775 515 2852 philosophi
535 2785 660 2845 teneant,
675 2785 769 2832 tamen
784 2795 882 2832 eorum
898 2778 975 2834 audi·

196 2886 272 2932 tores
287 2874 396 2930 discum
413 2871 519 2941 audire,
531 2889 614 2945 quam
628 2871 838 2946 philosophum,
850 2873 973 2941 malunt;

196 2971 245 3046 qui
272 2969 354 3026 simul
381 2966 590 3041 utincrepuit,
615 2966 645 3023 in
668 2967 763 3023 medid
789 2968 916 3024 oratione
938 2968 974 3023 de

196 3067 327 3124 maximis
346 3065 430 3122 rebus
443 3073 471 3121 et
485 3062 658 3141 gravissimis
677 3063 867 3140 disputantem
884 3061 974 3139 philo·
