2167 3567
128 351 207 414 nn]
407 347 450 400 nn
472 350 634 400 cranone.
897 335 956 399 lt'!

127 501 268 560 imitatur:
302 501 352 558 sed
379 510 474 559 tamen
501 500 551 559 ille
575 519 631 558 nec
656 499 782 578 deligere
814 498 907 569 scirit,

126 598 208 674 cujus
231 597 411 674 potissimum
435 597 536 654 similis
560 607 644 668 esset,
668 606 707 669 et,
731 596 761 654 in
784 614 820 654 ec
844 596 907 672 ipso

124 713 209 768 quem
230 693 384 770 delegerat,
400 693 506 752 imitari
525 693 612 750 etiam
626 693 694 750 vitia
706 692 803 750 voluit.
843 691 906 754 Qui

125 801 220 846 autem
241 790 281 848 ita
301 789 397 860 saciet,
412 798 444 846 ut
463 798 584 864 oportet,
602 789 723 864 primum
743 789 841 866 vigilet
859 807 907 846 ne·

124 901 206 943 cesse
224 897 269 943 est
289 887 317 944 in
340 885 508 963 deligendo:
530 884 644 957 deinde,
663 876 747 960 quern
767 885 936 960 probarit,⁵

61 998 65 1012 ¹
124 983 154 1040 in
175 1001 210 1039 eo
230 1001 291 1058 quae
315 983 437 1040 maxime
463 982 614 1053 excellent,
635 999 671 1040 ea
689 981 906 1058 diligentissime

71 1115 75 1122 ·
122 1089 316 1156 persequatur.

161 1174 244 1236 Quid
272 1175 348 1232 enim
372 1193 466 1232 causae
490 1174 614 1232 censetis
637 1191 710 1246 esse,
734 1192 786 1232 cur
809 1183 906 1241 aetates

123 1271 277 1328 extulerint
290 1271 409 1348 singule
423 1270 536 1347 singula
548 1288 635 1346 prope
651 1288 757 1346 genera
770 1269 905 1327 dicendil

122 1366 199 1441 quod
220 1385 278 1424 non
299 1376 356 1424 tarn
376 1365 460 1424 facile
474 1366 503 1423 in
518 1367 623 1423 nostris
635 1366 795 1423 oratoribus
806 1378 906 1442 possu-
919 1366 951 1416 1⁰

123 1480 187 1518 mus
204 1461 334 1537 judicare
354 1459 436 1538 (quia
454 1461 570 1538 scripta,
588 1479 625 1517 ex
643 1461 747 1535 quibus
764 1460 904 1537 judicium

123 1557 184 1614 lieri
204 1567 309 1632 posset,
323 1575 382 1614 non
402 1557 491 1632 multa
509 1575 580 1615 saue
599 1557 799 1637 reliquerunt),
819 1572 904 1632 quam

18 1701 22 1708 .
123 1651 154 1709 in
174 1652 298 1722 Grecis;
311 1665 356 1708 ex
376 1671 493 1726 quorum
513 1651 637 1728 scriptis,
657 1651 800 1728 cujusque
814 1651 905 1709 etatis

123 1765 187 1823 que
214 1747 329 1805 dicendi
356 1748 429 1806 ratio
455 1747 642 1822 voluntasque
664 1747 759 1818 fuerit,
783 1747 904 1824 intelligi

122 1852 223 1920 potest.
265 1842 466 1918 Antiquissimi
487 1843 547 1900 iere
566 1853 642 1914 sunt,
656 1860 776 1917 quorum
789 1843 905 1917 quidem
919 1849 950 1898 15

123 1939 230 2014 scripta
249 1949 390 2010 constent,
410 1939 548 2009 Pericles,
569 1948 655 2013 atque
679 1938 856 2012 Alcibiades,
876 1950 905 1998 et

124 2035 224 2092 eidem
239 2045 321 2092 etate
338 2034 535 2110 Thucydides,
549 2033 678 2105 subtiles,
693 2033 779 2106 acuti,
795 2035 903 2107 breves,

123 2131 273 2188 sententiis
292 2131 384 2206 magis
404 2146 488 2205 quam
503 2129 597 2186 verbis
610 2129 795 2188 abundantes.
835 2130 904 2188 Non

123 2227 262 2303 potuisset
276 2227 417 2298 accidere,
428 2235 461 2283 ut
470 2242 559 2282 unum
573 2234 649 2281 esset
662 2225 789 2282 omnium
803 2244 904 2302 genus,

123 2323 179 2380 nisi
207 2323 328 2400 aliquem
355 2322 409 2379 sibi
435 2330 627 2397 proponerent
659 2321 693 2378 ad
726 2320 903 2380 imitandum.
917 2330 951 2380 20

123 2418 282 2476 Consecuti
295 2428 362 2476 sunt
375 2419 427 2478 hos
447 2416 563 2487 Critias,
575 2416 781 2488 Theramenes,
795 2417 903 2492 Lysias

124 2513 218 2572 Multa
237 2515 329 2590 Lysioe
349 2514 455 2589 scripta
475 2523 557 2583 sunt;
578 2512 717 2570 nonnulla
732 2513 846 2571 Critie:
867 2514 905 2571 de

28 2616 32 2622 ’
123 2611 308 2668 Theramene
329 2611 496 2668 audivimus.
546 2607 657 2666 Omnes
675 2608 761 2669 etiam
782 2621 842 2666 tum
862 2628 906 2667 re·

121 2707 254 2764 tinebant
274 2707 354 2763 illum
374 2705 493 2763 Periclis
503 2722 642 2774 ¹uocum3
663 2704 713 2761 sed
727 2716 808 2761 erant
820 2705 905 2780 paulo

124 2803 257 2860 uberiore
277 2801 335 2859 filo.
385 2801 465 2858 Ecce
485 2799 538 2856 tibi
559 2811 672 2858 exortus
691 2811 735 2857 est
752 2799 904 2872 Isocrates,
918 2810 951 2860 ὕ

122 2897 259 2974 ωαςίεῐοτ
274 2897 392 2955 istorum
406 2895 545 2968 omnium,
557 2896 639 2972 cujus
651 2914 668 2952 e
681 2895 759 2966 ludo,
770 2905 905 2971 tanquam
945 2915 949 2922 ·

121 3013 161 3052 ert
180 3011 254 3071 equo
273 2993 410 3072 Trojano,
430 2992 502 3051 meri
521 2991 666 3068 principes
684 2990 831 3050 exierunt:
854 2990 905 3060 sed
