2167 3567
110 347 198 410 nn]
393 347 443 396 nn
464 345 629 395 onrrorrs.
894 336 952 398 165

114 513 167 555 cos
187 495 369 568 consecutos,
389 495 518 571 qnodin
537 506 619 554 tanto
637 496 708 568 otio,
724 493 815 554 etitin
841 493 906 553 sine

116 593 173 650 huo
192 591 299 652 sorensi
319 593 534 664 exercitatione,
556 593 671 650 efficere
690 602 852 669 potueruut,
873 603 906 649 nt

115 707 224 766 genere
248 707 344 748 reruni
377 689 584 761 discernerent,
611 708 703 764 enque
726 689 814 765 penio
839 689 905 746 snb»

114 785 195 842 tilius
207 786 392 860 explicarent,
430 787 542 843 'Verum
564 786 619 843 hoc
632 786 680 862 (ut
692 785 767 864 dixi)
781 783 853 843 nihil
867 785 903 842 nd

115 899 171 940 me.
211 881 287 938 Illud
301 882 337 939 sd
351 899 407 953 me,
421 900 457 940 so
469 882 563 939 multo
581 882 669 939 etism
688 883 780 958 magis
793 880 829 938 nd
842 891 934 953 vost

113 978 205 1036 Cotto
224 989 320 1036 noster
333 989 362 1036 et
376 977 504 1054 Sulpici:
526 977 672 1052 quomodo
690 997 769 1036 nunc
789 997 820 1034 se
839 979 904 1038 isto·

113 1089 180 1133 rom
200 1084 274 1131 artes
295 1073 410 1145 hebent,
431 1074 661 1150 pertimescende
679 1086 724 1132 est
749 1074 902 1131 multitudo

114 1171 284 1228 osussrurn:
306 1182 349 1228 est
365 1155 440 1227 oniin
463 1171 584 1237 infinito,
597 1171 623 1227 si
637 1171 667 1228 in
680 1171 811 1246 personis
823 1172 903 1246 poni-

114 1277 178 1337 tcr;
199 1277 268 1342 quot
288 1267 428 1338 homines,
447 1277 489 1324 tot
505 1284 622 1324 cause:
643 1267 687 1324 sin
709 1267 743 1324 nd
765 1285 900 1344 generum

114 1363 263 1420 universas
283 1364 453 1438 questiones
473 1363 651 1434 reseruntur3
667 1363 721 1420 'its'
732 1364 854 1421 modicis
872 1375 902 1420 et
919 1372 949 1421 rt)

113 1477 216 1534 paucae
234 1468 310 1528 sunt,
325 1468 426 1515 utens
445 1477 556 1530 ornnes,
577 1459 740 1536 diligentes,
754 1470 784 1515 et
796 1477 902 1517 merno-

114 1571 171 1626 τοι,
186 1564 215 1612 ot
228 1553 317 1623 sobrii
331 1564 457 1612 oratores
470 1573 622 1630 percursas
632 1556 747 1627 enimc,
762 1550 800 1628 et,
814 1575 902 1632 prope

114 1651 221 1722 dicam,
248 1651 415 1708 decantatas
442 1651 548 1709 habere
574 1652 713 1722 decenn
746 1653 803 1711 nisi
829 1653 902 1710 forte

114 1747 293 1820 existimatis,
322 1766 339 1805 c
364 1745 405 1805 Μ’
433 1745 523 1806 Curio
555 1766 672 1806 consum
705 1749 842 1807 didicisse
867 1748 900 1806 L.

101 1843 262 1915 Crassum,
283 1853 312 1902 ct
332 1845 366 1902 od
386 1861 418 1917 re
438 1845 528 1902 mults
548 1845 694 1916 attulisse,
706 1840 901 1920 quamobrem,
917 1855 949 1905 rt

113 1949 325 2017 postumo-non
346 1950 425 2011 nuto,
445 1941 567 1998 Curium
587 1932 684 1998 tumen
698 1941 903 1998 heredemCo-

113 2035 196 2112 ponii
209 2055 272 2093 csse
284 2047 436 2112 oporteret.
478 2035 560 2094 Nihil
576 2037 611 2094 sd
624 2037 738 2112 copiam
753 2053 902 2117 argomen-

112 2141 220 2203 torum,
235 2151 327 2214 neque
349 2133 384 2190 nd
405 2148 499 2190 causus
513 2133 570 2190 vim
592 2152 627 2190 oc
638 2143 781 2200 naturam,
795 2151 901 2191 nomen

114 2223 242 2303 Coponii
269 2238 319 2286 sut
343 2229 426 2286 Curii
452 2229 599 2304 pertinuit.
645 2228 679 2286 In
707 2247 814 2305 genere
840 2239 901 2287 erut

114 2323 249 2380 universo
283 2325 325 2381 rei
357 2325 533 2400 negotiique,
561 2343 620 2381 non
647 2324 677 2382 in
703 2334 833 2399 tempore
866 2341 900 2382 cc
915 2337 947 2388 20

113 2419 290 2490 nominibus,
310 2420 405 2477 omnis
431 2421 567 2495 questio:
595 2420 674 2477 Cum
696 2421 834 2496 scriptum
855 2421 902 2478 -ita

113 2514 162 2587 sit,
177 2515 230 2572 “si
244 2515 314 2573 mihi
332 2516 407 2574 filius
427 2515 551 2592 genitur,
565 2517 738 2591 isque-prius
751 2517 899 2589 moritur,”

112 2621 263 2680 stentem,
279 2617 297 2644 “
306 2622 366 2669 tum
388 2623 420 2669 ut
437 2611 507 2668 mihi
521 2611 570 2669 ille
582 2612 620 2669 sit
633 2613 715 2669 heres
725 2614 757 2670 :¹²
778 2613 900 2671 sinatus

113 2707 191 2766 filius
216 2725 275 2765 non
303 2708 349 2779 sit,
373 2708 540 2766 videnturne
567 2707 602 2779 is,
625 2708 675 2784 qui
700 2709 762 2767 filio
786 2720 900 2766 mortuo

113 2803 263 2862 institutus
276 2804 359 2862 heres
373 2804 419 2876 sit,
434 2805 517 2862 heres
529 2821 601 2864 esse.
692 2817 696 2822 ’
914 2810 947 2861 25

126 3015 129 3022 ⁴
154 2992 303 3054 XXXIII.
334 2995 469 3072 Perpetui
493 2997 567 3074 juris
586 3007 617 3055 et
636 2997 760 3054 universi
786 2997 901 3081 generis

110 3092 234 3171 questio
259 3109 319 3151 non
345 3093 494 3152 hominurn
520 3093 649 3167 nomino,
676 3093 726 3150 ssd
759 3094 901 3152 rationem
