2167 3567
121 313 201 374 nn]
403 315 445 362 na
466 313 630 361 cursoris.
895 303 950 362 119

120 462 242 538 sophum
262 479 360 520 omnes
380 461 525 520 unctionis
547 460 635 518 causi
657 461 836 536 relinquunt:
863 461 904 520 ita

121 556 291 615 levissimam
324 557 544 615 delectationem
576 557 759 634 grauissimae,
785 569 817 615 ut
848 558 902 634 ipsi

121 653 224 724 lerunt,
240 653 355 713 utilitati
370 664 552 729 anteponunt.
603 653 703 711 Otium
718 664 812 713 autem
826 655 903 729 quod

120 750 195 806 dicis
208 769 280 821 erse,
296 749 450 808 assentior:
471 767 569 806 verum
583 750 635 809 otii
655 751 764 809 fructus
777 760 830 818 est,
843 768 902 808 non

121 847 269 904 contentio
283 846 380 917 animi,
395 846 446 904 sed
460 846 604 904 relaxatio.
915 852 933 901 t

159 1039 209 1098 VI.
241 1042 325 1117 Saepe
346 1060 383 1098 ex
403 1061 502 1098 socero
521 1060 585 1100 meo
608 1041 713 1122 audivi,
727 1060 792 1098 oum
815 1041 840 1098 is
860 1041 901 1098 di-

120 1148 207 1208 ceret,
229 1157 360 1196 socerum
373 1157 463 1196 suum
484 1138 603 1196 Laelium
624 1158 734 1213 semper
755 1139 813 1194 sere
834 1158 900 1196 cum

119 1233 257 1308 Scipione
278 1235 390 1292 solitum
412 1235 553 1305 rusticari,
570 1253 675 1309 eosque
697 1234 900 1292 incredibiliter

119 1320 320 1404 repuerascere
339 1349 402 1388 esse
422 1330 528 1400 solitos,
549 1349 616 1386 oum
637 1349 684 1386 rus
698 1349 734 1386 ex
747 1331 826 1401 urbe,
841 1341 900 1387 tan·

119 1444 205 1498 quam
230 1445 254 1498 ¹e
287 1427 417 1500 vinculis,
451 1427 646 1484 evolavissent.
705 1427 775 1484 Non
809 1419 946 1483 andeolo

119 1520 216 1578 dicere
237 1522 272 1578 de
292 1523 396 1580 talibus
416 1523 493 1594 viris,
508 1524 558 1580 sed
579 1533 675 1580 tamen
697 1523 736 1580 ita
751 1524 823 1585 solet
836 1543 900 1580 nar-

118 1635 181 1674 rare
201 1617 338 1690 Scaevnla,
353 1619 478 1676 conchas
499 1639 548 1676 eos
561 1630 590 1676 et
604 1620 754 1677 umbilicos
769 1621 802 1676 ad
818 1620 901 1679 Caie-

118 1723 175 1770 tam
199 1725 228 1772 et
250 1715 285 1772 ad
307 1715 481 1773 Laurentum
505 1717 601 1792 legere
624 1716 789 1787 consuisse,
811 1727 840 1773 et
864 1717 900 1774 ad

118 1828 232 1868 emnem
247 1811 333 1868 animi
345 1811 539 1868 remissionem
551 1812 705 1888 ludumque
716 1813 898 1870 descendere.

118 1905 168 1962 Sic
197 1905 274 1962 enirn
301 1924 331 1962 se
358 1925 403 1962 res
429 1906 530 1962 habet:
568 1904 625 1985 [ut]
662 1907 899 1980 quemadmodum
916 1910 946 1958 15

117 2001 247 2058 volueres
270 2001 406 2072 videmus,
427 2002 632 2078 procreationis
660 2000 743 2076 ¹atque
770 2003 900 2060 utilitatis

118 2115 175 2154 suae
197 2097 294 2168 causi,
311 2097 418 2172 fingere
437 2107 468 2154 et
488 2106 653 2153 construere
672 2097 764 2168 nidos,
785 2098 899 2155 easdem

119 2203 223 2264 autem,
247 2213 313 2252 eum
342 2193 448 2267 aliquid
473 2193 631 2262 effecerint,
655 2193 768 2250 levandi
794 2193 900 2250 laboris

117 2289 161 2346 sui
182 2289 279 2359 causti,
300 2290 404 2365 passim
426 2307 460 2346 ao
481 2289 570 2346 libere
596 2289 703 2346 solutas
728 2304 814 2365 opere
833 2287 900 2346 roli-

117 2396 177 2443 tare
187 2406 201 2455 ;.
216 2386 258 2443 sie
278 2385 368 2444 nostri
389 2385 476 2442 animi
501 2382 662 2442 forensibus
677 2385 801 2462 negotiis
815 2397 899 2461 atque
914 2392 945 2441 2⁰

118 2482 226 2538 urbano
252 2499 338 2556 opere
364 2480 478 2550 defessi,
503 2480 629 2556 gestiunt
653 2499 687 2536 ac
711 2481 827 2543 volitare
851 2501 899 2537 cu·

116 2575 208 2651 piunt,
231 2575 313 2634 vacui
335 2574 404 2632 euri
432 2583 515 2647 atque
533 2573 647 2630 labore.
696 2573 798 2648 Itaque
820 2575 899 2642 illud,
934 2588 936 2591 ’

118 2671 192 2745 quod
213 2690 268 2747 ego
288 2671 317 2728 in
339 2671 426 2727 causti
446 2670 574 2727 Curianri
595 2671 731 2728 Scaevolae
752 2670 828 2740 disi„
841 2689 899 2727 non

116 2767 174 2824 dixi
202 2787 295 2838 secus,
324 2786 357 2824 ac
384 2767 549 2824 sentiebam.
607 2766 683 2823 Nam
711 2767 745 2838 si,
772 2767 899 2840 inquam,

117 2864 255 2934 Scaevola‚
270 2863 379 2943 nullum
400 2863 454 2919 erit
474 2873 674 2920 testamentum
690 2874 767 2920 recte
782 2863 898 2932 factum,
913 2873 945 2923 25

116 2960 170 3016 nisi
191 2961 268 3034 quod
287 2971 319 3016 tu
339 2960 496 3036 scripseris,
510 2979 610 3016 omnes
631 2959 669 3026 ad,
687 2970 715 3015 te
736 2959 813 3014 cives
833 2977 899 3016 cum

117 3055 220 3113 tabulis
233 3055 389 3142 puniemus,
404 3055 532 3114 omnium
553 3064 723 3123 testamenta
741 3066 773 3112 tu
791 3054 900 3112 scribes
