2167 3567
134 313 161 363 ι.
173 314 204 376 r]
413 317 456 366 na
477 317 639 366 emmas.
916 307 957 366 Μ

132 465 243 540 positas
255 465 412 542 protulisti;
434 485 496 542 que
509 467 625 526 tandem
637 463 736 524 earum
748 468 836 524 eausa
849 463 911 536 ruit,

130 579 199 635 qua
224 563 259 620 ab
282 562 397 621 homine
422 563 577 638 eloquenti,
594 563 666 640 juris
691 561 832 637 imperito,
853 579 912 621 non

135 657 316 717 ornatissime
341 659 465 734 potuerit
497 659 576 717 dieii
608 659 711 733 quibus
742 658 855 733 quidem
882 656 913 714 in

135 753 232 810 causis
251 755 392 826 omnibus,
406 756 481 813 siout
501 755 530 812 in
551 755 613 831 ipsi
626 754 667 811 Μ’
681 753 774 825 Curii,
787 772 849 830 que
863 753 913 811 abs

134 859 279 923 te·nuper
302 859 346 906 est
368 850 455 923 diota,
479 861 507 908 et
531 849 562 908 in
585 851 618 908 C.
643 849 759 908 Hostilii
783 847 943 907 Mmoini5

135 945 341 1016 controversia,
365 955 449 1020 atque
473 945 502 1002 in
525 963 561 1003 eo
582 963 672 1021 puero
694 944 744 1019 qui
765 963 802 1002 ex
825 944 913 1002 alteri

134 1049 220 1098 natur
240 1049 301 1097 erat
320 1057 417 1112 uxore,
432 1059 489 1098 non
510 1040 628 1097 remisso
647 1040 749 1097 nuntio
764 1039 913 1115 superiori,

136 1136 191 1193 fuit
211 1136 284 1193 inter
303 1136 489 1212 peritissimos
515 1135 643 1194 homines
668 1154 779 1193 summa
797 1135 833 1192 de
849 1135 913 1211 jure

135 1232 285 1290 dissensio.
323 1232 433 1294 Quaero
459 1231 555 1308 igitur,
575 1231 643 1306 quid
667 1231 804 1307 adjuverit
823 1241 914 1288 orato·

134 1345 197 1386 rem
218 1329 247 1386 in
268 1328 312 1385 his
325 1328 426 1386 esusis
443 1327 514 1403 juris
534 1327 664 1399 seientia,
680 1347 746 1386 oum
767 1327 814 1384 hio
830 1327 914 1404 juris·
928 1335 959 1384 1⁰

135 1425 285 1482 consultus
305 1423 430 1500 superior
450 1423 535 1481 fuerit
555 1423 740 1494 discensurus,
760 1423 913 1500 quiesset,

136 1539 195 1578 non
216 1538 268 1578 suu
289 1521 417 1592 artifieio,
432 1520 481 1577 sed
503 1521 606 1591 alieno,
621 1520 677 1577 hoe
696 1530 748 1591 est,
766 1539 825 1577 non
842 1519 914 1596 juris

136 1615 268 1686 soientii,
288 1617 338 1672 sed
359 1616 531 1691 eloquentid,
552 1625 731 1673 sustentatus.
773 1613 913 1690 Equidem

137 1712 194 1768 hoo
220 1728 294 1788 saepe
321 1712 425 1784 audivi,
453 1731 519 1770 oum
547 1712 708 1769 redilitatem
733 1711 766 1775 P,
793 1711 914 1769 Crassus

135 1818 255 1884 peteret,
276 1827 397 1884 eumque
423 1809 512 1884 major
538 1823 617 1878 natu,
638 1807 725 1864 etiam
746 1807 913 1879 consularis,
930 1818 961 1866 15

138 1906 198 1962 Ser.
220 1905 313 1962 Galba
333 1913 528 1973 associaretur,
548 1903 623 1979 quod
650 1903 746 1960 Crassi
773 1903 858 1960 filiam
878 1899 912 1961 G.

137 2000 196 2058 filio
223 2019 275 2058 suo
300 2000 503 2075 despondisset,
532 1999 687 2057 aeoessisse
718 1999 751 2056 ad
780 1999 914 2056 Crassum

138 2096 305 2155 consulendi
338 2096 425 2153 eausd
457 2095 599 2172 quendam
635 2095 827 2164 rusticanum
866 2095 914 2170 qui

137 2211 204 2250 oum
225 2191 359 2249 Crassum
379 2191 546 2261 seduxisset,
562 2199 646 2264 atque
666 2189 701 2246 ad
721 2208 786 2246 eum
805 2189 916 2247 retulis-

138 2298 190 2358 set,
206 2305 427 2364 responsumque
448 2286 483 2344 eb
498 2303 644 2343 severum
664 2285 755 2361 magis
774 2303 859 2359 quam
880 2285 914 2343 ad
929 2300 962 2349 so

138 2399 218 2441 suam
238 2401 298 2441 rem
320 2383 565 2440 aooommodatum
593 2381 769 2452 abstulisset3
798 2391 830 2438 ut
848 2399 914 2438 eum

138 2479 247 2538 tristem
267 2479 358 2538 Galba
374 2479 453 2549 vidit,
467 2479 583 2536 nomine
604 2478 762 2554 appellavit,
776 2477 915 2552 quesivit·

138 2595 203 2653 que,
218 2577 273 2651 qui
288 2577 323 2634 de
337 2557 368 2634 re
382 2576 417 2633 ad
433 2575 568 2633 Crassum
588 2574 746 2632 retulisset:
766 2592 802 2631 err
814 2593 870 2649 quo
884 2582 915 2630 ut

139 2672 256 2744 audivit,
277 2681 506 2745 oommotumqus
527 2681 560 2728 ut
577 2671 648 2729 vidit
674 2671 829 2742 hominem,
849 2671 917 2727 Sus·

137 2786 237 2846 penso,
258 2767 359 2842 inquit,
381 2767 475 2825 animo
495 2777 524 2824 et
543 2777 684 2842 ooeupato
709 2767 843 2824 Crassum
863 2765 916 2822 tibi
931 2780 963 2827 25

138 2865 317 2940 respondisse
337 2864 434 2920 video:
455 2863 559 2920 deinde
574 2863 666 2939 ipsum
680 2847 816 2920 Crassum
828 2879 916 2925 mauu

138 2961 298 3038 prehendit,
324 2969 363 3030 et,
390 2959 472 3016 Heus
504 2968 546 3030 tu,
573 2959 674 3034 inquit,
701 2959 773 3033 quid
801 2958 853 3015 tibi
885 2954 916 3014 in

130 3067 263 3116 mentem
283 3056 361 3114 venit
380 3055 420 3114 ita
439 3054 629 3131 responderet
675 3054 755 3114 'lum
769 3054 816 3112 ille
829 3053 916 3124 tiden-

372 3151 392 3208 9
