2167 3567
478 259 707 352 oc'oanroaa.
915 305 986 366 [nr.

206 453 326 512 dicebat.
368 455 504 530 Idemque
515 454 645 512 Servium
656 455 787 528 Galbam,
798 473 882 530 quem
896 454 988 512 holui-

203 571 270 609 nem
291 553 379 628 probe
400 553 628 609 commeminisse
646 572 677 609 se
696 553 798 623 aiebat,
813 550 987 628 pergraviter

205 648 412 722 reprehendere
446 648 562 717 solebat,
596 649 671 722 quod
706 648 739 718 is,
767 647 799 704 L.
834 646 987 715 Scribonio

206 744 389 818 quaestionem
418 744 447 800 iu
471 763 536 800 eum
564 744 681 813 ferente,
701 741 800 818 populi
827 743 987 800 misericor-

176 840 282 896 5diam
305 841 487 911 concitasset,
509 859 574 896 cum
603 839 643 896 M.
665 841 747 910 Cato,
768 839 867 896 Galbae
893 838 987 915 graus

208 945 290 1010 atque
312 955 376 993 acer
397 936 539 1005 inimicus,
559 954 656 1010 aspere
676 934 749 1010 apud
770 934 905 1011 populum
925 933 987 990 Ro·

207 1050 321 1089 manum
356 1042 384 1088 et
417 1033 598 1088 vehementer
631 1041 706 1087 esset
737 1031 867 1087 locutust
901 1047 986 1104 quam

207 1127 363 1185 orationem
398 1127 427 1184 in
460 1127 629 1203 Originibus
661 1127 721 1183 suis
752 1125 882 1200 exposuit
915 1125 985 1200 ipse.

207 1221 448 1300 Reprehendebat
468 1223 554 1299 igitur
574 1211 694 1279 Galbam
716 1221 854 1292 Rutilius,
868 1221 943 1295 quod
961 1220 986 1276 is

161 1327 193 1378 10
207 1319 241 1376 C.
267 1319 388 1393 Sulpicii
414 1317 499 1390 Galli,
526 1318 676 1394 propinqui
704 1317 757 1388 sui,
783 1316 823 1378 Q·
847 1317 985 1392 pupillum

195 1415 294 1492 ,filium
316 1414 376 1490 ipse
395 1431 476 1489 paene
490 1414 519 1470 in
533 1415 668 1470 humeros
687 1431 754 1470 suos
767 1412 922 1483 extulisset,
936 1411 986 1487 qui

205 1511 293 1585 patris
309 1509 458 1567 clarissimi
478 1509 676 1566 recordatione
689 1519 718 1566 et
731 1507 868 1566 memorii
887 1507 985 1565 fletum

205 1605 457 1681 populo'moveret,
472 1615 501 1662 et
514 1606 587 1662 duos
600 1604 674 1663 lilios
686 1623 754 1662 suos
774 1622 874 1680 parvos
889 1603 986 1661 tutelas

204 1701 302 1776 populi
329 1701 567 1772 commendasset,
589 1719 623 1758 ac
643 1721 673 1758 se
695 1701 841 1777 (tanquam
856 1701 898 1758 ‘in
924 1717 987 1776 pro·

161 1805 191 1854 15
207 1797 302 1854 cinctu
330 1807 531 1854 testamentum
561 1797 677 1868 faceret,
704 1794 766 1854 sine
794 1797 867 1854 librd
901 1806 986 1871 atque

205 1892 322 1972 tabulis)
344 1893 477 1968 populum
500 1893 665 1948 Romanum
689 1901 810 1948 tutorem
838 1891 987 1948 instituere

206 1988 324 2045 dixisset
339 1989 448 2046 illorum
470 1988 594 2046 orbitati.
635 1988 735 2062 ltaque
756 2005 820 2045 cum
834 1996 864 2043 et
877 1987 986 2044 invidit

206 2093 235 2140 et
248 2084 315 2141 odio
328 2085 423 2160 populi
438 2095 496 2142 tum
511 2085 605 2142 Galba
617 2093 803 2160 premeretur,
815 2083 858 2140 his
872 2101 986 2158 quoque

206 2198 270 2237 enm
297 2177 443 2257 tragoediis
474 2181 623 2239 liberatum
656 2181 779 2248 serebat3
814 2179 890 2253 qnod
917 2179 986 2236 item

159 2283 191 2336 20
208 2276 281 2351 apud
301 2276 441 2334 Catonem
461 2277 598 2351 scriptum
619 2295 682 2333 esse
701 2275 794 2346 video,
814 2275 870 2332 nisi
890 2275 986 2350 pueris

206 2381 234 2428 et
260 2372 392 2446 lacrymis
418 2391 486 2428 usus
512 2381 596 2443 esset,
621 2391 722 2446 poenas
754 2389 820 2427 eum
853 2370 985 2428 daturum

206 2465 301 2523 luisse.
355 2466 427 2524 Haec
454 2461 584 2522 Rutilius
606 2467 697 2523 ualde
730 2466 922 2541 vituperabat3
956 2475 986 2523 et

205 2561 273 2619 huic
294 2562 456 2634 humilitati,
472 2562 595 2634 dicebat,
613 2562 657 2618 vel
678 2562 808 2620 exsilium
830 2562 927 2634 fuisse,
942 2563 985 2620 vel

205 2668 323 2715 mortem
346 2657 581 2734 anteponendam.
622 2657 726 2732 Neque
740 2677 807 2715 uero
821 2658 876 2716 hoc
893 2659 985 2716 solum

158 2759 190 2809 25
205 2753 285 2824 dixit,
309 2754 357 2810 aed
386 2753 445 2829 ipse
467 2764 497 2810 ct
522 2753 619 2825 sensit,
643 2764 673 2810 et
699 2754 783 2812 fecit:
817 2760 893 2825 narn,
919 2773 986 2812 cum

204 2859 278 2906 essct
302 2850 349 2908 ille
372 2849 415 2906 vir
439 2849 609 2925 exemplum,
630 2859 661 2906 ut
684 2849 774 2919 scitis,
794 2850 984 2920 innocentiam

205 2964 326 3022 cumque
359 2945 408 3004 illo
440 2961 525 3002 nemo
558 2963 651 3021 neque
684 2945 821 3022 integrior
854 2958 929 3005 esset
955 2947 985 3006 iu

204 3041 319 3102 civitate
332 3059 424 3118 neque
442 3041 577 3114 sanctior,
590 3059 650 3100 nou
669 3042 756 3100 modo
775 3043 893 3120 supplex
910 3043 986 3120 judi·
