2167 3567
135 283 210 344 alcu
471 295 515 344 uu
536 295 700 344 oaruoau
865 286 985 358 '‘[ure

194 440 321 514 dicendi,
335 452 364 500 et
377 453 611 520 argumentorum
632 443 736 516 lentes,
752 441 904 502 desiderat.
945 442 984 503 Iu

194 555 251 614 que
277 538 363 597 etiam
392 539 439 597 isti
466 555 520 598 nes
543 540 741 618 jurisconsulti
768 540 938 616 impediunt,
965 559 985 598 a
1062 601 1064 629 μ

194 633 389 710 discendoque
409 635 562 695 deterrent
603 637 699 695 Video
714 636 802 708 enim,
817 637 847 693 iu
860 637 986 695 Caenis

194 740 223 787 et
238 730 320 788 Bruti
332 731 423 803 libris,
434 732 604 791 nominatim
618 733 677 790 fere
690 732 801 803 referri,
810 732 879 808 quid
893 731 983 790 alicui

163 826 231 884 fide
248 827 312 904 jure
332 828 393 886 vire
413 839 462 886 aut
476 828 588 886 mulieri
601 828 816 904 responderiut;
837 828 934 900 credo,
948 839 984 886 at

194 932 368 1000 putaremus,
384 924 414 981 in
435 925 609 996 bominibus,
625 943 683 982 nou
697 924 728 983 iu
742 943 783 996 re,
798 924 985 983 consultatio·

195 1017 241 1077 nis
255 1028 304 1077 aut
321 1020 518 1091 dubitationis,
532 1039 649 1079 causam
671 1021 795 1096 aliquam
813 1020 919 1090 fuisse3
938 1031 983 1092 ut,

195 1115 272 1190 quod
300 1115 430 1174 homiues
457 1125 553 1174 essent
583 1116 815 1187 innumerabiles,
842 1116 983 1174 debilitati

196 1210 295 1286 ajure
314 1210 527 1287 cognoscendo,
549 1210 723 1268 voluntatem
743 1210 875 1268 discendi
896 1209 982 1268 simul

151 1318 182 1367 10
196 1326 262 1364 cum
277 1325 326 1382 spe
339 1306 521 1382 perdiscendi
536 1306 750 1382 abjiceremus„

180 1473 181 1480 ἵ
235 1403 293 1460 Sed
308 1403 370 1463 brec
383 1401 505 1460 Crassus
521 1402 675 1477 aliquando
694 1401 777 1460 uobis
797 1402 939 1478 expediet,
953 1413 984 1460 et

196 1508 319 1574 exponet
339 1498 481 1572 descripte
502 1498 677 1574 generatim:
698 1508 743 1556 est
756 1498 843 1568 enim,
857 1517 895 1556 ue
909 1499 984 1556 sorte

196 1594 318 1664 nescias,
340 1593 402 1650 heri
426 1593 508 1651 nobie
530 1593 580 1650 ille
602 1594 670 1664 boc,
691 1593 806 1665 Catule,
825 1593 983 1668 palliditas,

196 1709 228 1748 se
244 1689 291 1766 jus
312 1689 406 1760 civile,
421 1690 496 1764 quod
518 1707 598 1746 nune
617 1689 751 1748 diffusum
769 1701 799 1748 et
816 1688 985 1766 dissipatura

152 1798 183 1847 15
197 1796 250 1856 est,
275 1785 304 1842 in
332 1796 412 1842 certa
438 1803 546 1861 genera
572 1795 751 1857 coacturum,
774 1779 804 1842 et
830 1784 866 1843 sd
893 1795 985 1844 artem

198 1881 282 1940 facile
302 1882 494 1944 redacturum.
534 1881 574 1940 Et
591 1881 718 1956 quidem,
739 1881 832 1956 iuquit
852 1881 984 1954 Catulus,

199 1977 418 2052 haudqudquam
432 1977 461 2034 id
475 1988 518 2034 est
532 1977 649 2034 difficile
662 1977 778 2048 Crasso,
792 1976 893 2052 quiet,
908 1977 985 2052 quud

197 2073 270 2134 disci
295 2073 387 2150 potuit
404 2073 446 2132 de
468 2074 542 2150 jure,
565 2073 684 2131 didicit:
704 2083 744 2143 et,
767 2073 845 2146 quod
868 2073 913 2144 iis,
934 2073 985 2149 qui

197 2189 263 2228 eum
278 2169 447 2241 decuerunt,
461 2169 563 2240 deluit,
578 2169 639 2244 ipse
653 2169 768 2237 afferet3
789 2179 830 2238 ut,
844 2187 908 2242 quta
926 2169 986 2227 siut

149 2269 184 2320 20
198 2265 227 2326 in
240 2265 314 2340 jure,
329 2265 372 2321 vel
389 2271 452 2339 apte
473 2263 646 2334 describere,
660 2263 704 2320 vel
723 2273 822 2320 ornate
842 2263 986 2322 illustrare

197 2361 295 2437 possit
338 2360 417 2436 Ergo
430 2359 492 2430 ista,
505 2358 597 2432 inquit
609 2358 763 2429 Antonius,
775 2367 834 2416 tutu
850 2377 866 2415 a
879 2358 987 2417 Crasso

198 2457 353 2526 discemus,
374 2473 440 2512 cum
461 2473 491 2512 se
518 2455 555 2511 ds
581 2454 675 2524 turbis,
695 2465 725 2510 et
744 2473 762 2512 a
781 2454 933 2524 subselliis,
954 2455 986 2513 iu

199 2552 289 2610 otium
316 2551 360 2623 (ut
384 2551 505 2628 cogitat)
530 2550 691 2624 soliumque
714 2549 875 2608 contulerit.
916 2550 984 2608 Jsm

199 2648 229 2707 id
249 2647 369 2723 quidem
388 2665 472 2721 eaepe,
495 2645 588 2720 inquit
614 2646 745 2716 Catulus,
765 2665 801 2702 ex
820 2663 857 2703 eo
877 2645 983 2718 audiri,

141 2749 185 2802 25
200 2762 265 2802 eum
286 2743 404 2812 diceret,
419 2741 473 2798 sibi
494 2752 604 2799 certum
625 2759 699 2812 esse,
714 2742 858 2818 ajudiciie
878 2741 987 2803 causis·

199 2859 255 2916 que
278 2837 444 2896 discedere:
475 2838 535 2908 sed,
560 2847 592 2895 ut
615 2837 670 2913 ipsi
693 2838 772 2895 soleo
795 2838 901 2908 dicere,
924 2857 985 2896 uon

199 2935 315 2994 licebit:
346 2951 440 3008 neque
463 2933 553 2990 enim.
565 2932 627 3007 ipse
648 2933 783 2991 auxilium
803 2947 888 2990 saum
908 2952 986 3008 srepe

200 3019 298 3090 eviiis
318 3030 401 3090 bouis
422 3028 525 3088 frustra
545 3029 689 3105 implorari
703 3030 834 3105 patietur,
847 3046 942 3103 neque
954 3029 986 3090 id
