2167 3567
137 311 194 370 158
454 318 498 366 un
519 319 683 366 onirunn
882 318 966 380 [un.

181 469 269 538 anxit,
289 467 338 542 qui
359 466 437 524 solus
456 465 563 526 effecit.
611 465 745 542 Namque
763 484 829 544 ego,
850 466 966 540 Catulo,

181 563 290 642 (dinem
309 563 396 635 eninr,
417 582 475 622 nou
496 581 629 622 reverens
649 564 813 623 annemundi
827 564 968 639 suupioio·

180 663 259 738 nem)
274 660 417 718 neminem
432 678 495 718 eone
514 671 658 718 oratorem
676 660 763 734 poulo
782 659 967 718 illustriorem

181 758 311 826 arbitror,
332 774 426 831 neque
443 756 578 814 Graeoum
598 774 693 830 neque
713 755 858 826 Latinum,
878 774 966 830 quem

149 863 166 912 5
180 864 249 910 etun
261 864 357 910 nostre
376 853 484 924 tulerit,
496 871 582 928 quem
601 871 659 910 nou
673 862 703 910 et
716 870 791 927 supe
802 864 832 910 et
844 851 967 928 diligen·

179 959 222 1006 ter
244 949 390 1007 audierim.
431 949 542 1024 ltaque,
556 949 580 1006 si
598 949 666 1024 quid
687 959 729 1005 est
751 948 781 1006 in
801 966 858 1020 me,
873 948 965 1023 (quud

177 1046 235 1122 jem
262 1061 375 1122 sperare
401 1046 507 1116 videor,
529 1046 663 1120 quonium
690 1045 805 1120 quidem
832 1062 892 1115 ros,
919 1045 966 1105 nir

180 1142 304 1218 ingeniis
318 1142 458 1212 homiues,
471 1143 582 1200 tentum
598 1160 693 1216 operte
712 1141 782 1198 mihi
797 1141 833 1200 ud
847 1141 967 1201 audien·

179 1237 350 1318 durndutis)
372 1257 406 1294 ex
426 1256 462 1302 eo
482 1247 534 1312 est,
555 1237 633 1312 quod
652 1237 723 1295 nihil
743 1237 892 1313 quisquam
912 1257 966 1296 uu·

135 1347 263 1410 loquum
291 1353 336 1391 me
364 1334 498 1394 audiente
529 1333 590 1409 egit
614 1344 719 1404 orator,
746 1333 821 1406 quod
848 1352 907 1390 non
933 1334 964 1392 in

179 1431 315 1488 memorii
336 1430 400 1488 med
420 1430 534 1505 penitus
555 1428 700 1486 insederit.
741 1427 843 1502 Atque
856 1447 913 1504 ego
928 1429 964 1501 ie,

179 1529 227 1602 qui
247 1545 320 1596 nuni,
342 1539 588 1600 quantuscumque
614 1543 677 1583 sum
704 1524 740 1582 ud
763 1524 963 1600 judicandum,
1046 1530 1050 1535 ’

179 1623 313 1680 omnibus
328 1623 431 1679 auditis
445 1622 618 1692 oratoribus,
631 1621 694 1678 sine
707 1621 766 1678 ulid
783 1620 964 1680 dubitatione

179 1719 222 1776 sio
247 1729 341 1776 ututno
368 1729 397 1776 et
420 1717 530 1795 jodiou,
550 1717 696 1776 neminem
722 1718 850 1776 omniurn
871 1728 964 1778 tutet

134 1829 164 1877 15
178 1825 266 1886 tenta,
292 1826 399 1891 quantu
425 1825 492 1874 sunt
518 1815 547 1873 in
574 1815 690 1885 Croeso,
717 1815 851 1872 habuisse
880 1834 963 1874 ornu-

178 1922 274 1970 rneute
287 1912 411 1970 dicendi.
451 1910 659 1981 Quamobrem,
674 1911 698 1968 si
711 1930 761 1970 roe
774 1930 886 1988 qnoque
906 1912 963 1972 iroo

178 2007 254 2064 idem
281 2008 458 2079 existimatis,
485 2025 544 2083 nou
572 2007 628 2064 erit
653 2006 699 2082 (ut
724 2006 839 2085 opinor)
865 2007 963 2086 inique

176 2103 302 2178 pettitio,
317 2105 352 2175 ri,
366 2123 432 2162 oum
447 2123 502 2181 ego
516 2104 598 2160 huno
613 2114 765 2176 oratorem,
778 2122 862 2180 quern
883 2124 961 2164 nuno

177 2200 264 2278 fingo,
291 2211 323 2258 ut
355 2200 613 2272 instituioredro,
641 2200 746 2271 einero,
774 2200 959 2272 omimium

130 2311 163 2361 20
177 2297 287 2356 trudam
313 2315 379 2356 enm
403 2298 517 2369 Crasso,
542 2297 783 2367 ementiendum,
807 2307 836 2356 et
859 2315 962 2359 orum·

177 2395 253 2452 dnm.

214 2490 293 2548 Tum
308 2490 438 2562 Croesus,
453 2489 501 2547 Tu
519 2508 596 2557 vero,
611 2489 714 2565 iuquit,
728 2489 849 2560 Antoni,
862 2509 958 2567 perge.
1063 2506 1067 2516 '

176 2598 208 2645 ut
221 2586 376 2645 instituisti.
417 2586 521 2661 Neque
541 2587 618 2644 enirn
638 2596 682 2644 eut
701 2586 767 2646 boni
785 2605 878 2661 neque
891 2587 959 2645 libe·

175 2684 243 2742 ruiis
262 2683 397 2758 parentis,
410 2701 496 2758 quern
516 2683 672 2759 proeredrit
690 2692 720 2740 et
739 2683 878 2753 eduxerit,
891 2702 958 2743 eum

129 2795 161 2844 25
175 2799 231 2839 uon
245 2789 274 2836 et
286 2779 389 2837 vestire
402 2789 431 2838 et
444 2797 563 2849 ornere3
583 2779 740 2854 presertim
760 2798 827 2838 oum
840 2790 869 2838 te
882 2781 959 2841 loeu-

174 2875 278 2952 pleteru
305 2893 367 2933 esee
393 2894 499 2952 negare
525 2894 583 2939 uon
608 2875 709 2950 poeuis.
762 2875 854 2938 Quod
879 2876 957 2936 enim

173 2981 460 3046 ornamentumque
480 2969 532 3042 viu,
545 2971 595 3046 qui
616 2972 737 3043 unimus,
750 2991 814 3047 que
833 2972 957 3049 digniter

174 3065 216 3124 illi
235 3067 341 3126 moturi
361 3067 461 3140 definit,
481 3068 529 3146 qui
549 3067 581 3128 iu
600 3068 689 3129 orori
710 3068 871 3146 peninum
895 3086 955 3150 nou
