2167 3567
105 311 167 370 cn]
385 310 428 357 ns
451 308 614 357 onaaonn.
893 296 934 356 titt

101 460 188 531 idem,
208 459 296 517 nullis
317 469 350 516 ut
369 458 500 516 terminis
526 456 746 516 circumscribat
765 465 814 513 aut
840 454 888 513 dc·

102 556 180 613 finiat
195 557 243 632 jus
265 574 360 626 suum,
375 573 432 631 quo
451 554 547 611 minus
566 554 595 611 ei
614 553 701 611 liceat
719 550 822 609 eddcrn
837 551 887 609 int

100 652 236 708 facultate
256 660 288 708 ct
308 650 392 726 copiti
420 650 526 726 vagari,
547 650 604 725 qud
623 650 699 706 velit
753 648 887 724 Namque

96 747 166 804 illud
187 766 290 822 quare,
307 746 445 817 Scaevola,
466 746 578 823 negdsti
598 756 626 803 te
646 746 734 803 fuisse
753 746 885 817 laturum,

95 844 151 900 nisi
173 844 205 900 in
226 862 293 901 meo
312 860 404 919 regno
424 862 511 914 esses,
532 843 609 918 qnod
630 843 661 899 in
679 843 757 902 cinni
780 846 915 919 ςοιιοιεδ

95 939 251 1009 sermonis,
279 940 310 995 in
337 938 416 996 omni
443 948 524 1014 parte
551 930 736 996 humanitatis
765 939 886 997 dixerim

93 1046 242 1093 oratorem
270 1035 430 1111 perfectum
456 1052 520 1091 esse
553 1034 678 1091 dehercl
730 1034 886 1109 Nunquam

94 1131 267 1189 mehercule
298 1130 355 1189 hoc
382 1130 518 1202 dicerem,
540 1130 566 1187 si
588 1149 665 1201 enm,
686 1148 771 1205 quem
797 1130 885 1207 tingo,

93 1228 240 1303 meipsum
268 1245 331 1284 csse
359 1227 517 1285 arbitrarer.
573 1226 642 1298 Sed,
663 1236 695 1283 ut
721 1226 830 1283 solebat
850 1225 884 1283 C.

94 1322 231 1381 Lucilius
252 1342 327 1398 saepe
343 1323 450 1395 dicere,
467 1321 569 1399 (homo
581 1322 634 1380 tibi
648 1322 801 1392 subiratus,
814 1320 885 1378 mihi
899 1328 931 1379 1⁰

93 1430 215 1495 propter
230 1436 294 1477 eam
308 1420 398 1495 ipsam
414 1438 529 1477 causam
545 1419 649 1491 minas,
664 1437 749 1494 quarn
763 1418 884 1490 volebat,

93 1515 259 1586 familiaris,
280 1516 330 1573 sed
357 1525 453 1577 tamon
473 1524 502 1573 ct
521 1515 625 1573 doctus
644 1526 674 1572 ct
691 1516 883 1593 perurhcnus)

93 1611 140 1669 sic
160 1611 268 1683 sentio,
289 1611 434 1669 neminem
459 1629 522 1669 esso
541 1612 573 1668 in
596 1621 741 1669 oratorum
767 1630 885 1669 numero

95 1708 275 1780 habendum,
290 1708 339 1782 qui
354 1726 411 1765 non
426 1707 462 1764 sit
480 1708 614 1765 omnihus
634 1707 670 1765 iis
690 1708 807 1779 artibus,
821 1725 884 1782 qun

93 1813 166 1861 sunt
183 1804 276 1861 libero
295 1804 401 1880 dignm,
414 1804 585 1879 perpolitus:
607 1803 710 1878 quibus
724 1804 802 1879 ipsis,
816 1803 884 1860 siin
899 1805 930 1855 1⁵

95 1898 227 1957 dicendo
240 1917 299 1957 non
314 1900 430 1971 utimur,
444 1909 540 1957 tamen
555 1909 672 1975 apparet
686 1909 770 1973 atque
784 1909 884 1970 exstat,

97 2006 196 2053 utrum
217 1995 308 2052 simus
328 2014 425 2052 earum
440 1995 535 2067 rudes,
551 2014 587 2053 an
601 1996 794 2053 didicerimus.
835 1994 884 2067 Ut,

96 2092 149 2166 qui
176 2092 236 2168 pila
263 2092 375 2163 ludunt,
401 2110 459 2149 non
486 2102 605 2149 utuntur
630 2092 661 2149 in
688 2092 749 2167 ipsd
775 2091 885 2149 lusione

100 2188 224 2245 artificio
243 2189 358 2263 proprio
376 2188 523 2264 pnlaestrae,
544 2187 595 2243 scd
623 2187 732 2244 indicat
752 2187 813 2261 ipse
827 2204 887 2243 mo·

98 2294 156 2355 tus,
172 2284 365 2343 didicerintne
384 2284 554 2359 palaestrarn,
570 2300 606 2339 an
625 2282 772 2339 nesciant:
793 2291 822 2338 ct
838 2280 885 2355 qni
899 2284 931 2335 ὓ)

99 2380 210 2455 aliquid
230 2380 351 2456 lingunt,
372 2380 424 2437 etsi
446 2391 507 2438 tum
532 2378 646 2454 picturd
665 2377 737 2435 nihil
757 2386 885 2450 utuntur,

98 2487 210 2547 tamen,
231 2486 327 2533 utrum
347 2476 441 2534 sciant
459 2477 588 2553 pingere,
610 2495 646 2534 an
665 2477 806 2549 nesciant,
827 2495 885 2536 non

99 2574 259 2631 obscurum
286 2582 346 2629 est:
381 2573 424 2630 sic
450 2573 479 2630 in
507 2573 685 2631 orationihus
710 2574 790 2633 hisce
817 2576 886 2651 ipsis

97 2668 288 2745 judiciorum,
304 2668 488 2742 concionum,
503 2656 628 2743 adrianis,
642 2672 754 2730 ctiamsi
770 2674 886 2748 proprie

100 2775 206 2823 cetera
227 2782 286 2821 non
312 2764 480 2823 adhibentur
508 2777 591 2839 artes,
611 2778 707 2825 tamen
734 2768 819 2825 facilc
839 2768 886 2824 dc-
899 2772 931 2822 25

100 2861 239 2929 claratun
253 2871 349 2918 utrum
364 2860 398 2933 is,
413 2861 462 2936 qui
476 2862 563 2935 dicat,
575 2865 773 2922 tantummodo
786 2864 816 2920 in
829 2863 886 2921 hoc

99 2956 312 3015 declamatorio
325 2957 362 3015 sit
375 2976 460 3035 opere
478 2960 611 3035 jactatus,
627 2979 662 3018 an
677 2960 713 3017 ad
731 2958 886 3017 dicendum

100 3053 238 3113 omnihus
259 3053 393 3131 ingenuis
413 3054 520 3113 artibus
546 3055 702 3115 instructus
723 3056 883 3117 accesserit
