2167 3567
140 285 197 371 iit
456 324 500 371 nn
521 325 683 374 onironu
895 329 964 389 [nr.

185 471 227 528 ris
247 483 371 548 repente,
392 473 435 530 vel
457 493 473 532 a
492 474 601 550 peritis,
615 475 716 534 vel-de
738 475 818 535 libris
834 477 964 554 depromi

184 577 284 642 potest.
337 567 437 642 Itaque
457 569 498 627 illi
519 571 697 629 disertissimi
719 573 847 630 homines
868 574 965 630 minis·

184 671 243 720 tros
257 662 362 720 habent
376 665 405 722 in
426 667 519 723 causis
536 667 608 742 juris
627 668 744 742 peritos,
759 687 823 725 eum
838 669 892 744 ipsi
906 668 964 727 sint

184 757 397 834 imperitissimi,
407 770 436 817 et
449 763 497 836 qui
510 761 556 838 (ut
570 763 620 820 abs
633 775 662 820 te
674 764 759 840 paulo
774 775 839 821 ante
853 765 962 822 dietum

151 855 168 906 ὅ
184 856 240 934 est)
254 856 422 931 pragmatici
437 867 582 916 vocantur.
624 858 657 915 ln
672 877 728 934 quo
741 860 830 916 nostri
844 861 962 917 omnino

182 951 283 1008 molius
315 951 415 1024 multo,
448 954 523 1027 quod
559 954 779 1013 clarissimorum
813 955 960 1014 hominnm

183 1047 351 1105 auctoritate
374 1048 451 1124 leges
476 1060 505 1107 et
526 1051 591 1126 jura
615 1061 692 1108 tecta
717 1069 780 1108 esse
802 1051 958 1110 voluerunt

182 1143 241 1200 Sed
260 1154 356 1201 tamen
377 1162 435 1202 non
450 1145 569 1222 fugisset
582 1146 639 1202 hoo
651 1147 769 1203 Grecos
782 1146 921 1218 homines,
935 1147 959 1205 si

182 1237 222 1296 itt
235 1255 352 1296 necesse
372 1257 434 1296 esse
456 1239 582 1298 arbitrati
602 1251 696 1298 essent
712 1251 852 1299 oratorem
867 1243 959 1318 ipsum

135 1333 166 1384 1⁰
181 1335 293 1393 erudire
313 1335 342 1392 in
359 1335 423 1412 jure
443 1336 529 1408 civili,
544 1354 602 1394 non
615 1337 643 1395 ei
656 1338 862 1414 pragmaticum
882 1338 960 1415 adju·

180 1443 271 1488 torem
285 1430 360 1488 dure.

218 1622 282 1681 Lx.
313 1622 399 1694 Nam,
420 1623 495 1698 quod
523 1624 597 1682 dicis
620 1631 639 1659 “
648 1635 825 1684 senectutem
852 1645 869 1684 a
894 1627 958 1685 soii·

178 1719 277 1778 tudine
297 1719 434 1778 vindicari
452 1720 525 1796 juris
545 1719 637 1778 civilis
656 1721 816 1792 scientid;”
838 1723 957 1780 fortasse
987 1746 990 1753 ·

178 1815 263 1874 etiam
277 1817 406 1893 pecunie
420 1816 623 1893 magnitudine.
660 1817 723 1874 Sed
741 1835 803 1889 nos,
817 1837 874 1875 non
889 1819 956 1894 quid

132 1911 164 1962 1⁵
177 1913 258 1971 nobis
280 1913 358 1984 utile,
372 1931 468 1970 verum
490 1913 558 1988 quid
578 1913 683 1971 oratori
703 1915 894 1972 necessarium
909 1915 955 1986 sit,

177 2009 345 2084 quaerimus:
366 2027 537 2084 quanquam,
552 2010 686 2084 qnoniam
707 2009 796 2068 multu
816 2010 850 2067 ad
865 2022 956 2069 orato·

176 2104 215 2163 ris
229 2104 443 2167 similitudinem
461 2106 496 2162 ab
515 2123 573 2162 uno
594 2105 702 2163 artifice
721 2105 868 2177 sumimus,
881 2106 955 2165 solet

121 2201 129 2220 ⁸
177 2197 252 2256 idem
275 2183 400 2256 Roscius
422 2198 529 2270 dicere,
551 2217 592 2268 se,
610 2217 669 2273 quo
694 2199 758 2274 plus
783 2199 838 2256 sibi
865 2201 955 2258 utatis

129 2395 161 2446 2⁰
176 2401 222 2450 tus
248 2391 430 2462 remissiores,
451 2411 514 2448 esse
540 2391 689 2448 iacturum.
742 2391 830 2454 Quod
852 2392 875 2449 si
896 2392 953 2464 ille,

177 2487 307 2544 astrictus
321 2488 399 2545 certi
416 2489 537 2562 quddam
558 2505 740 2544 numerorum
762 2489 954 2547 moderatione

176 2593 205 2639 et
223 2582 337 2658 pedum,
353 2591 448 2640 tumen
471 2582 575 2657 atiqnid
596 2582 630 2639 ad
651 2583 779 2657 requiem
798 2585 955 2642 senectutis

176 2678 326 2754 excogitat,
341 2689 450 2752 quanto*
461 2679 573 2736 facilius
587 2697 640 2735 nos
653 2695 709 2737 non
729 2680 823 2738 laxare
843 2681 953 2753 modos,

176 2774 226 2831 sed
245 2783 320 2831 totos
339 2783 458 2845 mutare,
473 2776 642 2850 possumus?
681 2775 784 2851 Neque
803 2777 880 2834 enim
899 2778 954 2835 hoo

128 2877 161 2928 ut
176 2879 214 2940 te,
227 2869 341 2942 Crasse,
356 2869 436 2942 sulit,
450 2890 535 2946 quam
555 2872 645 2929 multa
663 2871 721 2928 sint
733 2883 762 2930 et
775 2892 859 2948 quam
878 2874 955 2932 varia
1027 2922 1031 2931 .

175 2984 281 3044 genera
303 2966 434 3048 dicendi3
470 2965 525 3048 [et]
551 2968 627 3044 quod
650 2969 726 3026 haud
749 2970 839 3027 sciam
863 2989 898 3028 an
922 2980 954 3028 tu

175 3061 283 3138 primus
295 3063 463 3136 canderis,
477 3065 524 3140 qui
542 3065 651 3142 jamdiu
666 3065 756 3126 multo
768 3065 843 3127 dicis
855 3066 954 3124 remis-
