2167 3567
98 305 191 365 nn]
389 305 433 352 uu
455 303 618 353 omnum.
880 296 939 356 158

110 455 180 530 quid
201 453 399 530 appellandum
418 454 464 525 sit,
479 453 679 523 contenditur3
699 463 731 511 ut
746 453 817 512 mihi
838 453 892 530 ipsi

111 571 178 610 uum
192 552 250 608 hoe.
262 549 391 626 Sulpicio
412 551 465 608 fuit
479 551 508 608 iu
523 550 653 608 Norbani
673 551 761 608 causa
781 571 893 609 summa

111 647 275 707 contentio:
301 647 435 723 pleraque
462 647 545 719 enirnv
560 646 595 703 de
616 646 661 718 iis,
683 666 747 721 quae
774 647 809 704 ab
836 648 891 705 isto
927 692 935 708 .

109 744 327 820 ubjjuiabantur,
362 763 427 800 oum
461 743 621 813 confiterer,
656 753 750 800 tamen
779 744 816 802 ab
842 744 891 801 illo

100 840 286 916 ,majestatem
308 839 445 896 minutam
465 839 621 915 negabam:
649 857 684 896 ex
711 858 768 914 quo
794 841 921 911 verbo,5

109 936 173 1012 lege
196 935 328 1012 Apuleia,
349 944 409 992 tota
429 935 477 992 illa
497 953 584 992 eausa
603 935 753 1010 pendebat.
795 936 891 1011 Atque

110 1031 140 1090 in
162 1033 218 1090 hou
237 1050 342 1108 genere
358 1047 507 1090 causarum
522 1031 651 1088 nonnulli
665 1031 845 1106 praecipiunt,
860 1042 891 1089 ut

99 1129 226 1213 ¹verbum
243 1127 322 1198 illud,
337 1127 411 1202 quod
425 1146 540 1184 oausam
556 1127 633 1196 fauit,
648 1126 743 1184 lucide
758 1128 892 1184 breviter·

109 1243 165 1298 que
186 1224 310 1282 deliniat.
350 1222 439 1292 Quod
460 1223 530 1279 milri
548 1222 661 1297 quidem
675 1242 810 1298 perquam
825 1242 892 1298 pue-

110 1320 162 1377 rile
177 1319 266 1376 videri
287 1318 374 1377 solet:
397 1319 451 1376 alia
465 1330 508 1376 ast
522 1320 607 1389 anim,
622 1337 687 1375 uum
703 1319 776 1376 iuter
790 1319 891 1376 doctos
907 1329 938 1378 1⁰

111 1416 249 1486 homines,
277 1415 312 1471 de
340 1415 374 1472 iis
401 1415 469 1489 ipsis
495 1415 579 1472 rebus
605 1433 667 1489 quae
690 1425 837 1472 versantur
861 1415 890 1472 iu

111 1511 228 1582 artibuS,
250 1511 416 1586 disputatur,
431 1510 579 1567 verborum
600 1510 743 1580 definiti0;
765 1521 805 1581 ut,
824 1531 890 1568 cunr

109 1607 254 1682 quaeritur,
280 1606 350 1682 quid
376 1607 412 1663 sit
440 1625 493 1676 ars,
520 1606 586 1682 quid
613 1606 651 1663 sit
677 1606 732 1676 lex,
759 1607 827 1682 quid
854 1607 892 1664 sit

109 1703 227 1760 civitas:
250 1703 396 1777 inquibus
417 1702 471 1760 hou
492 1702 620 1777 praeoipit
638 1702 712 1758 ratio
726 1712 810 1777 atque
824 1703 892 1760 doc·

110 1799 196 1871 trina,
210 1809 241 1856 ut
255 1798 296 1855 vis
310 1798 371 1874 ejus
384 1797 436 1869 rei,
450 1817 534 1872 quam
554 1797 682 1867 definias,
697 1798 740 1856 siu
753 1798 890 1874 exprimu-
906 1799 937 1848 15

110 1905 166 1965 tur,
187 1904 218 1954 ut
237 1913 329 1969 neque
356 1893 429 1951 absit
455 1894 617 1968 quidquam,
638 1912 732 1969 neque
758 1894 888 1969 supersit

108 1991 199 2052 Quod
211 1991 323 2066 quidem
339 1989 368 2048 in
383 1989 431 2046 illd
442 1991 529 2048 uausd
544 2008 636 2063 neque
650 1989 796 2064 Sulpicius
810 1989 888 2062 fecit,

110 2106 202 2162 neque
222 2104 277 2163 ego
298 2086 392 2143 faeere
407 2095 526 2142 conatus
540 2103 610 2142 sum.
650 2083 737 2154 Nam,
752 2095 889 2158 quantum

110 2193 228 2258 uterque
255 2181 383 2240 nostrdm
410 2182 511 2257 potuit,
546 2179 623 2237 omni
656 2180 741 2254 cupid
774 2180 889 2237 dicendi

108 2277 247 2348 dilatavit,
269 2276 336 2352 quid
362 2286 437 2332 esset
464 2275 636 2351 majestatem
661 2274 798 2331 minuere.
840 2275 889 2331 Et·
905 2285 937 2334 20

108 2374 185 2430 euim
212 2371 340 2429 definitio
366 2372 499 2447 primurn,
520 2371 691 2446 reprehenso
715 2371 800 2426 verbo
821 2389 889 2441 uno,

110 2481 159 2527 aut
174 2469 278 2540 addito,
294 2478 342 2525 aut
360 2469 465 2538 demto,
480 2486 555 2541 saepe
575 2467 756 2540 exturquetur
770 2485 787 2523 e
800 2469 890 2524 mani·

109 2566 178 2622 bus:
201 2563 304 2621 deiude
318 2582 422 2640 garrera
443 2563 504 2637 ipso
518 2562 676 2619 doctrinam
690 2560 799 2618 redolet
812 2580 889 2619 exer·

101 2660 331 2735 'citationemque
346 2679 426 2735 paene
440 2659 594 2734 puerilem:
615 2668 674 2714 tum
689 2658 759 2714 etin
774 2678 888 2714 sensum

102 2767 138 2836 ¹et
160 2756 331 2820 intuentem
356 2754 461 2830 judicis
482 2755 587 2811 intrare
608 2773 664 2811 non
686 2764 796 2828 potest:
825 2766 890 2810 ante
906 2763 937 2812 ᾖ

109 2852 187 2910 euim
200 2851 416 2930 praeterlabitur,
431 2869 516 2927 quam
529 2861 664 2930 percepta
677 2860 728 2906 est

147 3043 263 3104 XXVI.
294 3043 352 3101 Sed
373 3043 403 3100 in
423 3061 458 3100 eo
477 3007 593 3120 genera,
615 3042 644 3098 in
666 3059 732 3116 quo,
753 3040 835 3116 quale
855 3039 892 3098 sit
