2167 3567
472 312 515 359 nn
536 302 701 359 carrona.
910 312 982 372 [na

197 458 392 518 incitationem
422 462 590 537 suspexerim,
610 461 733 537 vestigia
762 461 984 538 ingressumque

196 556 243 613 rix
263 557 398 615 viderim:
420 569 448 615 et
469 571 604 633 tanquam
619 559 648 615 in
665 559 787 634 aliquam
806 558 986 633 locupletem

197 672 231 711 ac
264 654 396 712 refertam
430 656 547 712 domum
580 655 716 725 venirem,
749 674 806 713 non
839 654 987 730 explicati

196 762 283 822 veste,
298 771 391 827 neque
411 752 557 828 proposito
579 763 706 827 argento,
720 771 815 826 neque
834 751 940 808 tabulis
953 761 987 807 et

166 846 286 923 osignis
319 850 462 925 propalam
497 849 656 919 collocatis,
686 848 737 905 sed
765 848 815 905 lris
847 848 987 905 omnibus

197 943 293 999 multis
309 945 522 1020 magnificisque
543 946 628 1001 rebus
645 944 818 1001 constructis
832 963 867 1001 ac
881 962 988 1012 recon-

197 1040 279 1109 ditis;
301 1040 343 1097 sic
357 1041 443 1097 modo
459 1042 487 1097 in
501 1042 631 1097 oratione
651 1040 748 1097 Crassi
769 1040 883 1097 divitias
896 1050 987 1113 atque

197 1147 364 1194 ornamenta
384 1137 444 1212 ejus
465 1137 574 1213 ingenii
600 1155 649 1211 per
676 1137 806 1210 quaedam
833 1135 988 1193 involucra

198 1244 282 1307 atque
303 1234 498 1310 integumenta
524 1234 673 1309 perspexi:
700 1233 750 1289 sed
771 1251 893 1289 cacum
912 1251 988 1289 cou-

152 1330 325 1405 attemptari
347 1348 491 1405 cuperem,
515 1330 562 1385 rix
583 1329 740 1405 aspiciendi
771 1338 897 1404 potestas
917 1328 985 1386 suit.

197 1426 243 1483 lta
262 1445 354 1501 neque
376 1428 431 1482 hoc
450 1444 567 1500 possum
587 1426 693 1496 dicere,
708 1444 754 1481 me
767 1424 887 1482 omnino
899 1424 988 1500 igno-

196 1540 268 1592 rare,
297 1523 364 1595 quid
398 1522 551 1597 possideat,
580 1540 671 1596 neque
703 1522 788 1595 plane
821 1519 915 1590 nosse,
946 1540 986 1577 ac

196 1618 308 1673 vidisse.
362 1616 444 1676 Quin
477 1626 508 1671 tu
544 1616 630 1691 igitur
664 1615 735 1672 sacis
768 1616 854 1685 idem,
888 1615 986 1689 inquit

197 1712 334 1781 Scaevola,
357 1712 432 1785 quod
460 1712 579 1782 faceres,
604 1712 628 1767 si
656 1712 684 1767 in
713 1712 835 1786 aliquam
862 1711 984 1768 domum

152 1820 182 1869 15
196 1808 308 1885 plenam
328 1819 570 1877 ornamentorum,
592 1807 731 1878 villamve,
752 1808 898 1864 venissesl
948 1808 983 1865 Si

197 1924 230 1963 ea
250 1904 381 1981 seposita,
403 1914 433 1961 ut
453 1904 535 1975 dicis,
558 1916 662 1975 essent,
677 1914 709 1960 tn
729 1904 810 1960 valde
831 1904 983 1977 spectandi

197 2002 318 2076 cupidus
338 2021 430 2070 esses;
456 2020 514 2059 non
535 2001 680 2057 dubitares
701 2019 800 2077 rogare
820 1999 981 2070 dominum,

197 2109 228 2155 ut
241 2097 358 2171 proferri
370 2097 493 2172 juberet,
507 2097 662 2172 prasertim
678 2097 701 2153 si
718 2116 795 2154 esses
815 2095 980 2153 familiaris:

197 2194 326 2251 similiter
353 2212 431 2250 nunc
458 2204 537 2269 petes
559 2212 575 2250 a
595 2193 710 2263 Crasso,
731 2202 763 2248 ut
783 2211 845 2249 eam
866 2193 981 2268 copiam

151 2303 182 2351 20
197 2302 424 2349 ornamentorum
447 2308 574 2358 suorum,
595 2306 679 2361 qnam
707 2298 900 2344 constructam
920 2308 982 2345 nno

198 2390 226 2445 in
261 2388 335 2455 loco,
363 2385 443 2459 quasi
477 2404 527 2460 per
561 2394 745 2441 transennam
777 2394 982 2459 pretereuntes

197 2483 317 2539 strictim
347 2481 516 2555 aspeximus
538 2480 568 2536 in
594 2480 688 2535 lucem
716 2475 849 2554 proferat,
870 2489 899 2535 et
926 2498 981 2536 suo

197 2578 322 2653 quidque
350 2577 379 2632 in
406 2576 471 2632 loco
504 2575 634 2633 collocet.
689 2576 753 2651 Ego
782 2594 859 2647 vcro,
887 2574 981 2649 inquit

197 2676 293 2743 Cotta,
316 2692 332 2729 a
352 2684 380 2729 te
400 2683 475 2746 peto,
497 2671 643 2728 Scaevola:
672 2690 717 2728 me
744 2672 831 2742 enim,
853 2681 881 2727 et
902 2672 981 2728 hunc

150 2778 182 2827 25
198 2768 357 2845 Sulpicium
385 2767 503 2841 impedit
529 2767 622 2841 pudor
646 2768 682 2824 ab
709 2767 825 2824 homine
850 2767 981 2825 omnium

196 2865 372 2944 gravissimo,
397 2862 445 2938 qui
473 2882 565 2939 genus
591 2862 753 2938 hujusmodi
780 2864 981 2939 disputationis

196 2982 306 3040 semper
341 2958 533 3029 contemserit,
574 2958 645 3029 haec,
684 2978 747 3034 qnae
780 2959 827 3016 isti
861 2959 991 3017 forsitan*

195 3077 350 3135 puerorum
377 3056 518 3115 elementa
544 3040 702 3127 videantur,
723 3054 878 3132 exquirere.
921 3054 981 3113 aad
