2167 3567
100 319 128 366 t.
139 319 181 378 n]
383 321 426 368 on
449 321 632 385 cessone.⁴
881 310 936 368 155

101 477 163 524 tum
183 478 233 526 est.
275 467 321 526 lte
340 468 395 526 trie
414 479 481 528 sunt
500 468 620 528 omnino
639 484 840 545 genereque
859 467 890 526 in

101 563 338 639 disceptationem
353 579 382 622 et
396 565 619 623 controversiam
637 566 741 622 cedere
753 570 888 641 possunt;

101 660 170 736 quid
190 661 249 732 fiat,
270 661 388 733 fectum,
410 661 572 720 futurumve
592 661 646 732 sit;
669 671 717 719 eut
736 662 820 738 quule
834 661 888 731 sit;

102 767 150 814 cut
169 757 312 832 quomodo
332 757 511 818 nominetur:
533 777 601 817 nam
621 767 651 815 et
670 757 741 814 illud
761 758 888 832 quidem,

101 853 177 928 quod
198 853 430 941 quidampGraeci
451 854 619 930 adjungunt,
638 864 757 910 rectene
782 850 919 912 sectum5

100 949 146 1022 eit,
162 959 254 1008 totum
275 949 307 1007 in
328 968 364 1008 eo
383 960 438 1023 est,
454 951 538 1032 quod,
561 950 653 1032 quule¹
666 951 713 1022 sit,
727 950 888 1026 querimus.

140 1142 273 1201 XXVII.
305 1143 363 1200 Sed
400 1141 466 1220 jem
495 1143 530 1200 ed
568 1142 728 1200 institutum
766 1151 889 1200 revertur

100 1258 205 1297 meum.

141 1337 215 1394 Cum
231 1336 328 1414 igitur,
344 1347 462 1413 accepto
482 1355 578 1395 ccusae
597 1355 705 1414 genere
716 1346 746 1393 et
760 1335 889 1412 cognito,

101 1451 161 1490 rent
182 1443 305 1490 tractare
326 1434 411 1509 coepi,
432 1433 503 1492 nihil
524 1433 604 1508 prius
624 1433 778 1504 constituo,
793 1452 888 1507 quum,
904 1435 936 1482 1⁰

100 1528 169 1604 quid
190 1529 227 1586 sit
248 1528 328 1596 illud¹
342 1549 400 1604 quo
420 1529 662 1587 mihivreserenda
681 1528 718 1586 sit
731 1529 825 1586 omnis
839 1527 889 1586 illa

101 1625 203 1696 oratio,
226 1644 289 1700 que
313 1625 349 1683 sit
377 1626 491 1701 proprie
519 1625 684 1701 questionis
712 1635 741 1682 et
767 1624 888 1702 judicii:

102 1721 207 1778 deinde
221 1720 270 1778 ille
284 1741 341 1796 quo
355 1722 574 1799 diligentissime
590 1723 752 1793 considero,
766 1741 888 1797 quorum

102 1818 221 1876 alterum
250 1819 530 1876 commendationem
564 1819 650 1878 habet
676 1829 813 1889 nostrum,
840 1828 889 1876 aut

101 1932 201 1971 eorum
222 1933 293 1988 quos
314 1914 510 1985 defendimus3
533 1915 652 1972 alterum
672 1925 716 1972 est
730 1933 890 1973 accommo·
905 1927 936 1976 15

101 2010 199 2067 datum
215 2011 250 2067 ad
264 2029 363 2068 eorum
385 2010 505 2082 enimes,
522 2012 596 2086 apud
616 2030 689 2085 quos
704 2010 838 2082 dicimus,
853 2010 889 2066 ed

101 2106 131 2164 id
165 2107 241 2182 quod
275 2107 415 2177 volumus,
450 2107 681 2164 commovendos.
736 2106 781 2164 Ite
815 2106 889 2163 ratio

101 2203 196 2261 omnis
210 2203 327 2260 dicendi
341 2203 432 2260 tribus
447 2203 481 2260 ad
496 2203 726 2278 persuadendum
747 2203 832 2260 rebus
845 2212 888 2261 est

101 2299 186 2356 nixu:
207 2309 239 2356 ut
252 2301 406 2375 probemus
417 2319 483 2358 vere
494 2318 556 2356 esse
566 2317 602 2356 ea
612 2318 677 2374 que
690 2298 872 2356 defendimus
879 2317 888 2368 ;

101 2405 134 2452 ut
148 2396 337 2454 conciliemus
351 2395 435 2453 nobis
448 2415 497 2470 eps
511 2395 561 2470 qui
575 2395 696 2452 audiunt
704 2415 712 2464 ;
733 2404 765 2452 ut
779 2393 890 2452 animos
903 2409 936 2458 20

101 2510 212 2563 eorum,
229 2492 263 2549 ed
278 2511 486 2568 quemcumque
500 2511 589 2549 causa
601 2491 756 2567 postulabit
770 2503 889 2562 motum,

1 2613 3 2634 a
102 2605 245 2646 vocemus.
288 2588 335 2644 Ad
349 2589 527 2664 probandum
545 2598 639 2645 eutem
654 2587 760 2662 duplex
772 2597 816 2644 est
828 2606 891 2645 ora·

1 2751 3 2768 k
102 2683 159 2741 tori
179 2685 308 2761 subjecte
328 2684 477 2742 materies:
503 2703 561 2746 unc
580 2703 674 2742 rerum
695 2703 804 2754 earum,
825 2703 889 2758 que

1 2785 2 2792 ’
101 2799 160 2838 non
181 2781 378 2858 excogitentur
401 2782 435 2839 ab
455 2791 578 2852 oratore,
599 2781 660 2852 sed,
676 2781 706 2838 in
726 2800 757 2838 re
776 2781 888 2855 posite,

101 2877 214 2936 ratione
228 2886 403 2948 tractantem
424 2888 455 2935 ut
477 2878 590 2950 tebulae,
604 2877 779 2948 testimonie,
793 2887 888 2952 pecte,
902 2896 935 2944 ᾖ

102 2984 253 3045 conuentu,
286 2974 467 3050 questiones,
502 2975 592 3052 leges,
618 2973 889 3049 sentitiis-consulte,

103 3088 149 3130 res
172 3070 319 3148 judicate,
347 3070 473 3144 decretu,
501 3089 647 3150 response,
668 3080 698 3130 et
721 3070 840 3147 relique,
863 3069 889 3128 si
