2167 3567
134 313 191 382 tn
451 333 494 381 nn
516 333 679 381 cursone.
879 331 963 394 [nn.

176 482 288 556 viderit,
315 482 460 542 neminem
493 502 579 561 posse
611 484 720 556 dicere,
753 482 810 541 nisi
836 492 867 540 et
893 482 963 558 quid

177 578 295 651 diceret,
310 590 339 638 et
359 581 462 655 quibus
482 581 587 653 verbis,
601 590 630 638 et
643 600 699 656 quo
720 580 821 637 ordine
841 579 962 652 diceret,

177 676 305 748 heberet,
319 687 348 734 et
361 696 395 734 en
409 678 604 735 meminisset?
644 678 740 751 Atque
760 677 821 734 haec
835 695 889 753 ego
903 695 963 734 non

177 773 371 850 reprehendo:
392 773 442 830 sed
464 785 529 830 ente
544 774 644 830 oculos
657 774 751 849 posite
763 792 827 830 esse
840 773 917 845 dico,
932 783 964 830 ut

147 875 227 926 oeus
254 869 321 926 item
349 880 479 944 quatuor,
507 870 643 945 quinque,
672 888 756 926 sexve
786 880 891 944 partes,
919 871 963 928 vel

178 964 264 1022 etiam
279 976 385 1042 septem
399 964 553 1042 (quonium
564 965 645 1024 aliter
660 967 695 1022 eb
707 966 769 1022 eliis
779 966 962 1045 digeruntur)

178 1061 209 1118 in
223 1081 293 1137 ques
307 1073 350 1118 est
364 1063 399 1120 ab
420 1062 465 1118 his
485 1063 579 1119 omnis
599 1063 692 1119 oratio
712 1061 872 1120 distributa.
914 1061 965 1119 Juss

178 1157 247 1215 bent
261 1159 337 1215 enim
356 1157 479 1214 exordiri
495 1157 544 1228 itu,
560 1167 591 1216 ut
604 1177 680 1228 eum,
695 1158 743 1232 qui
759 1159 865 1228 audiat,
880 1159 965 1215 bene·

180 1253 273 1311 volum
294 1251 379 1311 nobis*
399 1254 547 1325 faciemus,
562 1264 591 1310 et
611 1254 744 1324 docilem,
760 1266 788 1310 et
808 1264 962 1311 attentum:

134 1356 166 1405 1⁰
180 1351 284 1407 deinde
307 1369 366 1407 rem
390 1369 515 1421 narrare,
540 1351 580 1407 ita
603 1361 634 1408 ut
656 1351 815 1407 verisimilis
839 1352 964 1407 narratio

179 1446 226 1518 eit,
248 1457 278 1504 ut
303 1457 408 1523 aperte,
429 1458 461 1504 ut
487 1448 597 1504 brevis:
625 1457 690 1522 post
717 1458 810 1504 autem
837 1447 965 1504 dividere

180 1561 305 1613 causum,
322 1555 369 1600 eut
382 1562 557 1620 proponere:
579 1554 678 1600 nostro
691 1544 861 1601 confirmare
882 1562 964 1620 urgu-

179 1639 292 1710 mentis‚
309 1657 342 1696 ac
357 1625 532 1696 rationibus:
554 1640 659 1697 deiude
673 1640 818 1697 contrarie
831 1639 962 1697 refutare.

179 1733 258 1792 Tum
273 1745 366 1792 sutem
383 1735 431 1792 odii
445 1736 663 1794 conclusionem
678 1736 826 1808 orationis,
841 1747 870 1793 et
883 1735 964 1811 quusi

135 1844 166 1895 15
180 1831 398 1908 perorationem,
420 1832 582 1891 collocent:
611 1831 659 1890 elii
680 1832 792 1909 jubent,
813 1843 964 1907 antequam

135 1947 138 1956 ·
180 1938 338 2004 peroretur,
358 1928 479 1986 ornandi
501 1938 550 1986 eut
572 1928 696 2004 eugendi
717 1929 815 1999 ceusd,
835 1927 963 2005 digredi3

180 2024 285 2082 deinde
305 2024 490 2095 concludere,
512 2041 546 2081 ec
566 2041 707 2099 perorare.
755 2023 803 2080 Ne
823 2024 886 2082 hec
905 2024 966 2099 qui·

181 2121 246 2178 dem
260 2121 455 2196 reprehendo:
477 2129 544 2177 sunt
557 2121 633 2177 enim
648 2120 790 2178 concinne
804 2120 965 2193 distributa,

181 2217 230 2274 sed
250 2227 345 2275 tumen
368 2217 411 2293 (id
432 2217 507 2291 quod
530 2235 648 2273 neeesse
669 2216 722 2272 suit
743 2217 907 2272 hominibus
920 2235 967 2274 ex·

134 2323 166 2372 so
180 2313 308 2389 pertibus
327 2314 467 2392 veritatis)
489 2331 546 2369 non
568 2314 666 2388 perite.
706 2312 783 2374 Quae
803 2313 967 2388 enim-pre·

181 2420 265 2484 cepta
287 2409 489 2485 principiorum
514 2421 542 2465 et
567 2409 760 2466 narrationum
784 2427 848 2464 esse
871 2409 967 2465 volue-

180 2514 256 2576 runt,
277 2523 312 2562 eu
332 2505 361 2562 in
382 2506 450 2562 totis
470 2506 648 2562 orationibus
670 2515 736 2561 sunt
761 2506 964 2562 conservande.

180 2599 210 2657 N
213 2619 257 2658 em
272 2619 326 2676 ego
340 2601 410 2657 mihi
425 2602 593 2660 benevolum
604 2601 735 2679 judicem
743 2601 857 2658 facilius
872 2601 966 2658 facere

180 2715 296 2773 possum
324 2697 354 2754 in
381 2715 466 2754 cursu
494 2698 641 2769 orationis,
667 2717 751 2772 quam
776 2716 841 2753 cum
869 2699 967 2756 omnia

134 2802 166 2852 25
181 2803 247 2850 suut
268 2793 412 2862 inaudite3
440 2793 564 2850 docilem
586 2805 691 2865 autem,
712 2812 769 2851 non
794 2812 859 2850 cum
887 2794 966 2869 poili·

181 2907 248 2948 ceor
268 2908 314 2946 me
334 2888 603 2961 demonstraturum,
624 2889 675 2946 sed
695 2901 766 2960 tum,
787 2908 851 2946 oum
873 2890 966 2946 doceo

71 3029 79 3039 .
180 2996 210 3043 et
230 2985 367 3061 explen03
392 2994 531 3042 attentum
551 3003 629 3056 vero,
650 2986 752 3042 crebro
771 2985 831 3042 toti
852 2985 966 3042 actione

180 3081 339 3143 excitandis
360 3082 503 3140 mentibus
520 3081 662 3158 judicum,
676 3099 733 3138 non
753 3081 844 3157 primi
857 3080 968 3137 denun-
