2167 3567
105 322 139 369 n
154 324 185 385 a]
397 328 440 375 nn
461 328 625 375 onerosa.
904 315 946 376 43

104 470 215 548 Lyceo
234 485 316 533 tuum
336 476 393 535 hoc
413 476 609 535 suburbanum
628 476 809 555 gymnasium
822 487 901 537 anto·

107 586 228 643 ponam.

151 762 255 820 XXII.
276 762 355 821 Tum
376 763 434 837 ille,
448 764 540 823 Immo
560 784 638 837 vero,
655 765 756 841 inquit,
776 764 898 843 Sulpici,

106 874 250 933 rogemus
270 860 439 933 Antonium,
454 861 502 937 qui
515 872 545 919 et
557 872 651 938 potest
670 862 766 921 facere
778 861 809 919 id
822 851 898 937 quod

107 954 244 1029 requiris,
258 965 287 1012 et
308 958 467 1029 consuevit,
481 968 513 1015 ut
527 966 556 1015 te
571 956 656 1016 audio
673 958 780 1016 dicere.
820 956 850 1014 N
852 960 927 1015 am5

109 1067 156 1107 me
185 1051 302 1125 quidem
330 1052 417 1111 fateor
445 1072 556 1130 semper
584 1073 600 1111 s
625 1071 731 1131 genere
758 1054 813 1111 hoc
838 1064 898 1113 toto

109 1147 253 1205 sermonis
266 1148 415 1225 refugisse,
429 1160 458 1207 et
472 1150 524 1208 tibi
538 1149 666 1226 cupienti
680 1160 764 1225 atque
780 1149 897 1207 instanti

109 1242 270 1317 sepissime
296 1245 426 1321 negisse‚
448 1256 479 1303 ut
499 1255 560 1303 tute
585 1246 671 1321 paulo
698 1255 765 1303 ante
790 1245 895 1304 dixisti

108 1336 201 1399 Quod
229 1357 286 1416 ego
310 1358 367 1397 non
398 1340 530 1417 superbiai
563 1360 656 1416 neque
688 1340 896 1399 inhumanitate

112 1433 265 1507 faciebam,
279 1453 442 1511 usquequo
457 1448 506 1493 tuo
520 1436 615 1495 studio
635 1436 796 1495 rectissimo
812 1447 895 1513 atque
910 1443 942 1493 lt)

109 1531 221 1605 optiruo
242 1550 300 1589 uon
328 1532 446 1607 obsequi
469 1532 582 1604 vellem,
601 1533 758 1609 prasertim
779 1551 845 1591 cum
861 1524 895 1591 'te

111 1644 201 1684 unum
216 1646 253 1685 ex
266 1628 399 1686 omuibus
413 1629 447 1687 ad
469 1629 622 1687 dicendum
642 1629 765 1687 maxime
784 1640 893 1703 natum,

111 1732 267 1797 aptumque
309 1724 488 1801 segnissem,
522 1726 573 1782 scd
612 1725 776 1784 mehercule
813 1726 895 1784 istius

109 1818 314 1893 disputationis
347 1820 508 1893 insolentie,
541 1832 625 1897 atque
657 1840 754 1880 earum
787 1840 893 1894 rerum,

110 1932 175 1989 quae
203 1916 284 1991 quasi
311 1916 340 1973 in
368 1926 427 1974 arte
453 1918 614 1989 truduntur,
641 1918 764 1978 inscitii.
814 1917 893 1977 Tum
909 1925 940 1974 15

110 2010 208 2082 Cotta,
235 2012 383 2074 Quoniam
411 2012 451 2083 id,
478 2014 555 2089 quod
581 2014 779 2072 difficillimum
811 2014 894 2073 nobis

1 2162 2 2175 ,
110 2100 271 2179 videbatur,
301 2118 333 2165 ut
365 2108 482 2167 omniuo
513 2110 550 2167 de
580 2110 625 2167 his
653 2112 748 2178 rebus,
778 2110 892 2182 Crasse,

1 2276 2 2281 η
109 2203 267 2279 loquereris,
289 2204 412 2261 assecuti
432 2223 546 2275 sumus;
570 2206 607 2263 de
626 2205 734 2281 reliquo
751 2205 810 2281 jum
830 2224 894 2263 nos-

108 2308 156 2355 tra
181 2298 267 2374 culpa
293 2299 387 2374 fuerit,
415 2300 439 2357 si
466 2316 504 2372 te,
530 2301 588 2359 nisi
614 2301 719 2372 omnia,
743 2319 806 2374 quae
831 2319 894 2375 per·

109 2394 219 2451 contati
233 2394 348 2465 erimus,
362 2394 524 2470 explicitis,
539 2395 738 2453 dimiserimus.
778 2396 824 2455 De
837 2396 891 2468 his,
906 2401 940 2452 w

108 2490 207 2559 credo,
229 2489 323 2561 rebus,
345 2490 435 2566 inquit
461 2491 592 2562 Crassus,
612 2500 645 2547 ut
664 2491 695 2549 in
717 2492 893 2551 cretionibus

107 2585 197 2643 scribi
218 2586 300 2657 solet,
315 2586 459 2649 “Quibus
475 2587 575 2658 sciam,
590 2590 772 2664 poteroquo.”
813 2588 892 2648 Tum

93 2666 167 2753 'ifle
191 2680 324 2757 Namque
345 2681 421 2757 quod
441 2693 471 2739 tu
492 2702 550 2741 non
569 2684 686 2759 poteris,
701 2695 749 2745 aot
769 2686 891 2757 nescies,

106 2777 171 2853 quis
191 2776 321 2836 nostrum
341 2786 400 2834 tam
416 2776 567 2854 impudens
580 2788 633 2852 est,
648 2779 742 2855 quise
755 2781 830 2839 scire
844 2790 892 2839 aut

106 2892 192 2950 posse
204 2873 350 2950 postuioti
905 2880 938 2932 25

145 2954 892 3044 mmmmmmfflm

105 3084 214 3146 negare
234 3084 317 3145 posse
337 3066 414 3143 quod
432 3084 490 3127 non
510 3077 621 3145 potero,
632 3078 664 3128 ct
675 3067 759 3130 soteri
778 3066 892 3129 noscito
