2167 3567
144 302 183 365 8⁰
462 312 505 361 nn
527 310 690 358 charone.
900 308 973 369 [nr.

191 460 316 519 moribus
331 460 536 537 aphilosophis
550 460 737 537 explicantur.
778 458 874 535 Atque
894 458 973 517 haud
1073 500 1075 518 2

191 558 262 629 scio,
278 577 313 615 an
328 558 421 615 minus
441 560 497 616 hoo
518 558 599 615 vobis
618 558 671 615 sim
686 558 872 633 probaturus:
893 556 974 633 equi·
1074 584 1077 614 1

190 654 255 712 dem
268 674 327 711 non
341 654 487 725 dubitabo,
498 655 575 730 quod
588 655 690 726 sentio,
702 654 807 711 dicere.
847 654 973 731 Physica
1075 681 1076 714 3

190 750 243 807 ista
270 750 340 826 ipsu,
361 760 390 807 et
417 750 627 822 mathematica,
647 760 677 807 et
703 770 766 825 que
791 750 877 826 paulo
903 759 972 807 ante
1074 779 1076 810 ι

158 860 174 909 5
190 857 356 905 ceterarum
372 846 473 903 artium
487 846 603 922 propiia
615 847 745 922 posuisti,
759 847 887 905 scientie
903 856 973 905 suut
1074 875 1077 908 τ

190 960 299 1015 eorum,
321 943 370 1018 qui
402 943 451 1000 illa
482 942 666 1018 profitentur:
700 943 841 1001 illustrare
874 953 972 1001 antem
1075 973 1076 1004 ;

177 1039 319 1096 'oratione
333 1040 357 1096 si
371 1040 435 1114 quis
449 1040 516 1097 istus
530 1039 606 1115 ipsus
621 1050 694 1097 crtes
707 1040 784 1111 velit,
800 1040 971 1097 adoratoris
1075 1067 1076 1098 i

189 1134 216 1192 ei
238 1135 462 1211 confugiendum
483 1146 524 1192 est
545 1135 718 1193 facultatem.
759 1135 863 1209 Neque
880 1135 970 1207 enirn,

189 1231 214 1288 si
234 1231 383 1289 Philonem
404 1231 483 1287 illum
505 1232 703 1302 architectum,
719 1231 768 1306 qui
786 1231 971 1292 Atheniensi-

145 1340 174 1389 ιο
190 1327 242 1383 bus
277 1327 525 1388 armamentarium
559 1327 637 1399 lecit,
665 1337 786 1398 constat,
812 1328 970 1402 perdiserte

188 1423 294 1499 populo
321 1423 459 1481 rationem
486 1424 580 1498 operis
606 1424 651 1481 sui
682 1424 848 1494 reddidisse,
874 1424 971 1482 eristi·

188 1519 324 1576 mendum
338 1529 390 1589 est,
406 1518 556 1576 architecti
568 1520 664 1595 potius
685 1520 805 1578 artificio
821 1520 969 1593 disertum,

189 1632 273 1689 quam
293 1615 423 1685 oratoris,
437 1614 532 1671 fuisse.
573 1614 648 1686 Nec,
663 1615 688 1671 si
701 1615 770 1679 huic
785 1615 827 1672 M.
842 1616 971 1675 Antonio

188 1729 239 1786 pro
253 1709 431 1769 Hermodoro
451 1711 550 1769 luisset
563 1712 600 1767 de
613 1711 756 1769 navalium
773 1731 860 1788 opere
873 1712 972 1771 dicen·

143 1820 174 1868 15
189 1805 267 1879 duur,
288 1824 357 1877 nou,
378 1824 444 1863 cum
467 1806 571 1864 abillo
592 1802 708 1864 caudam
732 1808 889 1880 didicisset,
910 1810 971 1885 ips'e

188 1912 288 1959 ornate
307 1902 344 1959 de
370 1902 462 1962 alieno
490 1903 611 1960 artificio
637 1904 807 1979 copioseque
833 1904 971 1965 dixisset?

188 1996 292 2071 Neque
318 2016 386 2055 vero
413 1998 602 2073 Asclepiades
628 1998 662 2070 is,
690 2018 747 2075 quo
773 2019 825 2058 nos
857 2000 972 2059 medico

189 2092 339 2168 amicoque
353 2094 396 2151 usi
412 2112 518 2166 sumus,
534 2108 605 2167 tum,
620 2114 686 2153 cum
699 2095 863 2172 eloquentie
876 2096 972 2155 vince·

190 2190 238 2247 bat
261 2201 381 2248 ceteros
407 2191 546 2264 medicos,
571 2193 601 2250 in
624 2212 660 2250 eo
683 2194 744 2270 ipso
770 2193 847 2270 quod
871 2206 972 2255 ornate

142 2300 173 2351 ω
189 2287 312 2359 dicebat,
333 2288 485 2346 medicine
511 2289 646 2347 facultate
670 2292 811 2362 utebatur,
831 2310 890 2350 non
913 2293 972 2351 elo·

188 2384 321 2458 quentiae.
375 2384 472 2459 Atque
498 2385 569 2441 illud
596 2396 640 2442 est
665 2388 849 2462 probabilius,
876 2406 972 2464 neque

188 2488 283 2534 tamen
311 2496 418 2550 verum,
446 2480 520 2555 qnod
554 2480 688 2537 Socrates
720 2483 818 2541 dicere
850 2486 970 2559 solebat,

188 2588 289 2629 omnes
303 2572 332 2628 in
343 2592 388 2644 eo,
402 2574 478 2649 quod
492 2574 609 2647 scirent,
623 2576 692 2633 satis
710 2595 773 2634 esse
786 2578 969 2653 eloquentes:

188 2664 259 2723 illud
285 2666 388 2737 verius,
415 2685 508 2741 neque
535 2686 697 2744 quenquam
720 2671 749 2727 in
770 2689 806 2729 eo
832 2672 969 2731 disertum

142 2780 174 2833 25
188 2780 251 2821 esse
273 2780 366 2838 posse,
390 2764 467 2837 quod
490 2764 610 2836 nesciat,
634 2784 738 2841 neque,
761 2766 786 2823 si
810 2767 839 2824 id
862 2768 970 2843 optime

189 2859 271 2931 sciat,
287 2858 458 2937 ignarusque
478 2860 515 2919 sit
535 2860 676 2919 laciundoe
695 2882 729 2921 ac
747 2863 888 2939 polieudre
907 2881 970 2922 ora·

188 2954 283 3030 tionis,
309 2956 415 3015 diserte
440 2957 470 3015 id
497 2956 590 3033 ipsum
615 2977 709 3036 posse,
736 2959 772 3019 de
797 2978 854 3038 quo
886 2960 968 3036 sciat,
