<?xml version="1.0" encoding="UTF-8"?>
<!DOCTYPE html PUBLIC "-//W3C//DTD XHTML 1.0 Transitional//EN"
    "http://www.w3.org/TR/xhtml1/DTD/xhtml1-transitional.dtd">
<html xmlns="http://www.w3.org/1999/xhtml" xml:lang="en" lang="en">
 <head>
  <title>
</title>
<meta http-equiv="Content-Type" content="text/html;charset=utf-8" />
  <meta name='ocr-system' content='tesseract 3.04.00' />
  <meta name='ocr-capabilities' content='ocr_page ocr_carea ocr_par ocr_line ocrx_word'/>
</head>
<body>
  <div class='ocr_page' id='page_1' title='image "./mtciceronisadqu01dillgoog_0113.png"; bbox 0 0 2167 3567; ppageno 0'>
   <div class='ocr_carea' id='block_1_1' title="bbox 95 309 922 384">
    <p class='ocr_par' dir='ltr' id='par_1_1' title="bbox 95 309 922 384">
     <span class='ocr_line' id='line_1_1' title="bbox 95 309 922 384; baseline -0.002 -12"><span class='ocrx_word' id='word_1_1' title='bbox 95 323 166 384; x_wconf 81' lang='lat' dir='ltr'>s..1.1</span> <span class='ocrx_word' id='word_1_2' title='bbox 374 325 418 372; x_wconf 86' lang='lat' dir='ltr'>nn</span> <span class='ocrx_word' id='word_1_3' title='bbox 439 324 603 372; x_wconf 66' lang='lat' dir='ltr'>onerosis</span> <span class='ocrx_word' id='word_1_4' title='bbox 865 309 922 370; x_wconf 78' lang='lat'>107</span> 
     </span>
    </p>
   </div>
   <div class='ocr_carea' id='block_1_2' title="bbox 92 471 920 1798">
    <p class='ocr_par' dir='ltr' id='par_1_2' title="bbox 92 471 920 1798">
     <span class='ocr_line' id='line_1_2' title="bbox 95 471 876 552; baseline 0.003 -23"><span class='ocrx_word' id='word_1_5' title='bbox 95 489 155 529; x_wconf 91' lang='lat' dir='ltr'>non</span> <span class='ocrx_word' id='word_1_6' title='bbox 174 482 249 543; x_wconf 88' lang='lat' dir='ltr'>sunt,</span> <span class='ocrx_word' id='word_1_7' title='bbox 271 471 314 550; x_wconf 81' lang='lat' dir='ltr'>(et</span> <span class='ocrx_word' id='word_1_8' title='bbox 332 473 467 548; x_wconf 79' lang='lat' dir='ltr'>pleraque</span> <span class='ocrx_word' id='word_1_9' title='bbox 486 482 583 530; x_wconf 87' lang='lat' dir='ltr'>tamen</span> <span class='ocrx_word' id='word_1_10' title='bbox 602 489 706 549; x_wconf 79' lang='lat' dir='ltr'>magns</span> <span class='ocrx_word' id='word_1_11' title='bbox 725 474 805 552; x_wconf 89' lang='lat' dir='ltr'>suut)</span> <span class='ocrx_word' id='word_1_12' title='bbox 825 489 876 532; x_wconf 88' lang='lat' dir='ltr'>us·</span> 
     </span>
     <span class='ocr_line' id='line_1_3' title="bbox 95 568 808 648; baseline 0 -22"><span class='ocrx_word' id='word_1_13' title='bbox 95 587 177 626; x_wconf 88' lang='lat' dir='ltr'>cesse</span> <span class='ocrx_word' id='word_1_14' title='bbox 190 580 242 640; x_wconf 85' lang='lat' dir='ltr'>est,</span> <span class='ocrx_word' id='word_1_15' title='bbox 256 587 292 627; x_wconf 87' lang='lat' dir='ltr'>ea</span> <span class='ocrx_word' id='word_1_16' title='bbox 305 569 374 645; x_wconf 86' lang='lat' dir='ltr'>ipsa,</span> <span class='ocrx_word' id='word_1_17' title='bbox 389 587 452 644; x_wconf 79' lang='lat' dir='ltr'>quaa</span> <span class='ocrx_word' id='word_1_18' title='bbox 466 579 541 640; x_wconf 87' lang='lat' dir='ltr'>sunt,</span> <span class='ocrx_word' id='word_1_19' title='bbox 557 568 698 648; x_wconf 76' lang='lat' dir='ltr'>mirabilia</span> <span class='ocrx_word' id='word_1_20' title='bbox 710 568 808 627; x_wconf 84' lang='lat' dir='ltr'>videri.</span> 
     </span>
     <span class='ocr_line' id='line_1_4' title="bbox 135 664 874 741; baseline 0 -19"><span class='ocrx_word' id='word_1_21' title='bbox 135 665 220 741; x_wconf 85' lang='lat' dir='ltr'>Ergo,</span> <span class='ocrx_word' id='word_1_22' title='bbox 235 676 268 721; x_wconf 87' lang='lat' dir='ltr'>ut</span> <span class='ocrx_word' id='word_1_23' title='bbox 287 665 321 722; x_wconf 90' lang='lat' dir='ltr'>ad</span> <span class='ocrx_word' id='word_1_24' title='bbox 340 666 464 741; x_wconf 78' lang='lat' dir='ltr'>primum</span> <span class='ocrx_word' id='word_1_25' title='bbox 484 664 555 722; x_wconf 92' lang='lat' dir='ltr'>illud</span> <span class='ocrx_word' id='word_1_26' title='bbox 575 676 708 736; x_wconf 83' lang='lat' dir='ltr'>revertar,</span> <span class='ocrx_word' id='word_1_27' title='bbox 722 664 760 723; x_wconf 93' lang='lat' dir='ltr'>sit</span> <span class='ocrx_word' id='word_1_28' title='bbox 778 675 874 724; x_wconf 88' lang='lat' dir='ltr'>orator</span> 
     </span>
     <span class='ocr_line' id='line_1_5' title="bbox 94 761 874 836; baseline 0 -18"><span class='ocrx_word' id='word_1_29' title='bbox 94 762 177 818; x_wconf 92' lang='lat' dir='ltr'>nobis</span> <span class='ocrx_word' id='word_1_30' title='bbox 191 761 224 832; x_wconf 87' lang='lat' dir='ltr'>is,</span> <span class='ocrx_word' id='word_1_31' title='bbox 236 761 294 835; x_wconf 91' lang='lat' dir='ltr'>qui,</span> <span class='ocrx_word' id='word_1_32' title='bbox 307 772 338 818; x_wconf 92' lang='lat' dir='ltr'>ut</span> <span class='ocrx_word' id='word_1_33' title='bbox 351 761 472 818; x_wconf 78' lang='lat' dir='ltr'>Crassus</span> <span class='ocrx_word' id='word_1_34' title='bbox 485 761 645 836; x_wconf 76' lang='lat' dir='ltr'>descripsit,</span> <span class='ocrx_word' id='word_1_35' title='bbox 657 761 874 820; x_wconf 84' lang='lat' dir='ltr'>accommodate</span> 
     </span>
     <span class='ocr_line' id='line_1_6' title="bbox 96 853 905 931; baseline 0.001 -18"><span class='ocrx_word' id='word_1_36' title='bbox 96 856 131 913; x_wconf 90' lang='lat' dir='ltr'>ad</span> <span class='ocrx_word' id='word_1_37' title='bbox 145 856 372 931; x_wconf 78' lang='lat' dir='ltr'>persuadendum</span> <span class='ocrx_word' id='word_1_38' title='bbox 392 855 481 931; x_wconf 84' lang='lat' dir='ltr'>possit</span> <span class='ocrx_word' id='word_1_39' title='bbox 501 856 607 912; x_wconf 79' lang='lat' dir='ltr'>dicere.</span> <span class='ocrx_word' id='word_1_40' title='bbox 646 853 677 912; x_wconf 94' lang='lat' dir='ltr'>ls</span> <span class='ocrx_word' id='word_1_41' title='bbox 690 866 784 913; x_wconf 87' lang='lat' dir='ltr'>autem</span> <span class='ocrx_word' id='word_1_42' title='bbox 804 861 905 914; x_wconf 77' lang='lat' dir='ltr'>con-5</span> 
     </span>
     <span class='ocr_line' id='line_1_7' title="bbox 95 950 873 1027; baseline 0 -17"><span class='ocrx_word' id='word_1_43' title='bbox 95 952 226 1010; x_wconf 85' lang='lat' dir='ltr'>cludatur</span> <span class='ocrx_word' id='word_1_44' title='bbox 245 953 275 1009; x_wconf 92' lang='lat' dir='ltr'>in</span> <span class='ocrx_word' id='word_1_45' title='bbox 295 971 339 1023; x_wconf 81' lang='lat' dir='ltr'>ee,</span> <span class='ocrx_word' id='word_1_46' title='bbox 358 971 421 1027; x_wconf 81' lang='lat' dir='ltr'>quae</span> <span class='ocrx_word' id='word_1_47' title='bbox 440 962 506 1008; x_wconf 91' lang='lat' dir='ltr'>sunt</span> <span class='ocrx_word' id='word_1_48' title='bbox 526 951 557 1008; x_wconf 88' lang='lat' dir='ltr'>iu</span> <span class='ocrx_word' id='word_1_49' title='bbox 577 968 630 1008; x_wconf 89' lang='lat' dir='ltr'>usu</span> <span class='ocrx_word' id='word_1_50' title='bbox 650 950 798 1010; x_wconf 74' lang='lat' dir='ltr'>civitatum</span> <span class='ocrx_word' id='word_1_51' title='bbox 815 951 873 1010; x_wconf 83' lang='lat' dir='ltr'>vul·</span> 
     </span>
     <span class='ocr_line' id='line_1_8' title="bbox 94 1046 872 1125; baseline -0.001 -20"><span class='ocrx_word' id='word_1_52' title='bbox 94 1048 156 1125; x_wconf 77' lang='lat' dir='ltr'>gari</span> <span class='ocrx_word' id='word_1_53' title='bbox 189 1066 223 1106; x_wconf 92' lang='lat' dir='ltr'>ac</span> <span class='ocrx_word' id='word_1_54' title='bbox 256 1048 379 1118; x_wconf 78' lang='lat' dir='ltr'>sorensi3</span> <span class='ocrx_word' id='word_1_55' title='bbox 417 1046 590 1121; x_wconf 79' lang='lat' dir='ltr'>remotisque</span> <span class='ocrx_word' id='word_1_56' title='bbox 625 1046 729 1104; x_wconf 86' lang='lat' dir='ltr'>ceteris</span> <span class='ocrx_word' id='word_1_57' title='bbox 761 1046 872 1119; x_wconf 90' lang='lat' dir='ltr'>studiis,</span> 
     </span>
     <span class='ocr_line' id='line_1_9' title="bbox 95 1141 874 1219; baseline -0.001 -18"><span class='ocrx_word' id='word_1_58' title='bbox 95 1145 221 1219; x_wconf 84' lang='lat' dir='ltr'>quamvis</span> <span class='ocrx_word' id='word_1_59' title='bbox 241 1163 275 1202; x_wconf 91' lang='lat' dir='ltr'>ea</span> <span class='ocrx_word' id='word_1_60' title='bbox 294 1144 352 1201; x_wconf 89' lang='lat' dir='ltr'>sint</span> <span class='ocrx_word' id='word_1_61' title='bbox 374 1143 467 1218; x_wconf 86' lang='lat' dir='ltr'>ampla</span> <span class='ocrx_word' id='word_1_62' title='bbox 490 1153 574 1217; x_wconf 83' lang='lat' dir='ltr'>utque</span> <span class='ocrx_word' id='word_1_63' title='bbox 599 1142 745 1218; x_wconf 78' lang='lat' dir='ltr'>preclara,</span> <span class='ocrx_word' id='word_1_64' title='bbox 766 1141 796 1200; x_wconf 90' lang='lat' dir='ltr'>iu</span> <span class='ocrx_word' id='word_1_65' title='bbox 815 1143 874 1200; x_wconf 90' lang='lat' dir='ltr'>hoc</span> 
     </span>
     <span class='ocr_line' id='line_1_10' title="bbox 94 1238 871 1318; baseline -0.003 -20"><span class='ocrx_word' id='word_1_66' title='bbox 94 1259 153 1298; x_wconf 90' lang='lat' dir='ltr'>uno</span> <span class='ocrx_word' id='word_1_67' title='bbox 167 1259 250 1315; x_wconf 83' lang='lat' dir='ltr'>opere</span> <span class='ocrx_word' id='word_1_68' title='bbox 263 1241 308 1318; x_wconf 89' lang='lat' dir='ltr'>(ut</span> <span class='ocrx_word' id='word_1_69' title='bbox 322 1240 360 1298; x_wconf 87' lang='lat' dir='ltr'>ita</span> <span class='ocrx_word' id='word_1_70' title='bbox 373 1240 482 1318; x_wconf 86' lang='lat' dir='ltr'>dicam)</span> <span class='ocrx_word' id='word_1_71' title='bbox 495 1249 595 1296; x_wconf 86' lang='lat' dir='ltr'>noctes</span> <span class='ocrx_word' id='word_1_72' title='bbox 604 1249 635 1294; x_wconf 91' lang='lat' dir='ltr'>et</span> <span class='ocrx_word' id='word_1_73' title='bbox 646 1238 708 1296; x_wconf 86' lang='lat' dir='ltr'>dies</span> <span class='ocrx_word' id='word_1_74' title='bbox 721 1248 871 1316; x_wconf 79' lang='lat' dir='ltr'>urgeatur:</span> 
     </span>
     <span class='ocr_line' id='line_1_11' title="bbox 94 1333 920 1411; baseline -0.002 -17"><span class='ocrx_word' id='word_1_75' title='bbox 94 1336 276 1411; x_wconf 82' lang='lat' dir='ltr'>imiteturque</span> <span class='ocrx_word' id='word_1_76' title='bbox 303 1335 393 1406; x_wconf 88' lang='lat' dir='ltr'>illum,</span> <span class='ocrx_word' id='word_1_77' title='bbox 417 1335 466 1392; x_wconf 91' lang='lat' dir='ltr'>cui</span> <span class='ocrx_word' id='word_1_78' title='bbox 493 1333 555 1393; x_wconf 91' lang='lat' dir='ltr'>sine</span> <span class='ocrx_word' id='word_1_79' title='bbox 581 1333 669 1390; x_wconf 92' lang='lat' dir='ltr'>dubio</span> <span class='ocrx_word' id='word_1_80' title='bbox 694 1352 806 1392; x_wconf 78' lang='lat' dir='ltr'>sumum</span> <span class='ocrx_word' id='word_1_81' title='bbox 831 1334 872 1392; x_wconf 83' lang='lat' dir='ltr'>ris</span> <span class='ocrx_word' id='word_1_82' title='bbox 889 1342 920 1392; x_wconf 84' lang='lat' dir='ltr'>lt</span> 
     </span>
     <span class='ocr_line' id='line_1_12' title="bbox 93 1429 871 1502; baseline -0.003 -14"><span class='ocrx_word' id='word_1_83' title='bbox 93 1432 210 1489; x_wconf 89' lang='lat' dir='ltr'>dicendi</span> <span class='ocrx_word' id='word_1_84' title='bbox 223 1431 400 1502; x_wconf 76' lang='lat' dir='ltr'>conceditur,</span> <span class='ocrx_word' id='word_1_85' title='bbox 415 1430 623 1488; x_wconf 76' lang='lat' dir='ltr'>Atheniensem</span> <span class='ocrx_word' id='word_1_86' title='bbox 636 1429 871 1501; x_wconf 73' lang='lat' dir='ltr'>Demosthenem,</span> 
     </span>
     <span class='ocr_line' id='line_1_13' title="bbox 93 1526 872 1602; baseline -0.006 -15"><span class='ocrx_word' id='word_1_87' title='bbox 93 1529 123 1587; x_wconf 91' lang='lat' dir='ltr'>iu</span> <span class='ocrx_word' id='word_1_88' title='bbox 144 1545 202 1602; x_wconf 94' lang='lat' dir='ltr'>quo</span> <span class='ocrx_word' id='word_1_89' title='bbox 221 1538 331 1586; x_wconf 84' lang='lat' dir='ltr'>tentum</span> <span class='ocrx_word' id='word_1_90' title='bbox 351 1527 476 1586; x_wconf 90' lang='lat' dir='ltr'>studium</span> <span class='ocrx_word' id='word_1_91' title='bbox 497 1526 595 1596; x_wconf 85' lang='lat' dir='ltr'>luisse,</span> <span class='ocrx_word' id='word_1_92' title='bbox 614 1536 766 1600; x_wconf 89' lang='lat' dir='ltr'>tantusque</span> <span class='ocrx_word' id='word_1_93' title='bbox 790 1526 872 1583; x_wconf 84' lang='lat' dir='ltr'>labor</span> 
     </span>
     <span class='ocr_line' id='line_1_14' title="bbox 92 1621 872 1698; baseline -0.004 -15"><span class='ocrx_word' id='word_1_94' title='bbox 92 1625 208 1695; x_wconf 88' lang='lat' dir='ltr'>dicitur,</span> <span class='ocrx_word' id='word_1_95' title='bbox 235 1634 266 1680; x_wconf 91' lang='lat' dir='ltr'>ut</span> <span class='ocrx_word' id='word_1_96' title='bbox 291 1624 413 1698; x_wconf 87' lang='lat' dir='ltr'>primum</span> <span class='ocrx_word' id='word_1_97' title='bbox 447 1622 650 1698; x_wconf 87' lang='lat' dir='ltr'>impedimenta</span> <span class='ocrx_word' id='word_1_98' title='bbox 674 1632 783 1679; x_wconf 79' lang='lat' dir='ltr'>naturas</span> <span class='ocrx_word' id='word_1_99' title='bbox 809 1621 872 1680; x_wconf 86' lang='lat' dir='ltr'>dili·</span> 
     </span>
     <span class='ocr_line' id='line_1_15' title="bbox 92 1717 872 1798; baseline -0.003 -20"><span class='ocrx_word' id='word_1_100' title='bbox 92 1721 190 1798; x_wconf 73' lang='lat' dir='ltr'>gantid</span> <span class='ocrx_word' id='word_1_101' title='bbox 211 1719 405 1795; x_wconf 76' lang='lat' dir='ltr'>industriiqua</span> <span class='ocrx_word' id='word_1_102' title='bbox 424 1728 587 1794; x_wconf 85' lang='lat' dir='ltr'>superaret:</span> <span class='ocrx_word' id='word_1_103' title='bbox 611 1733 734 1792; x_wconf 87' lang='lat' dir='ltr'>cumque</span> <span class='ocrx_word' id='word_1_104' title='bbox 754 1717 795 1775; x_wconf 83' lang='lat' dir='ltr'>ita</span> <span class='ocrx_word' id='word_1_105' title='bbox 814 1717 872 1776; x_wconf 88' lang='lat' dir='ltr'>bal·</span> 
     </span>
    </p>
   </div>
   <div class='ocr_carea' id='block_1_3' title="bbox 92 1808 918 1891">
    <p class='ocr_par' dir='ltr' id='par_1_3' title="bbox 92 1808 918 1891">
     <span class='ocr_line' id='line_1_16' title="bbox 92 1808 918 1891; baseline -0.004 -17"><span class='ocrx_word' id='word_1_106' title='bbox 92 1817 146 1874; x_wconf 90' lang='lat' dir='ltr'>bus</span> <span class='ocrx_word' id='word_1_107' title='bbox 165 1827 249 1887; x_wconf 86' lang='lat' dir='ltr'>esset,</span> <span class='ocrx_word' id='word_1_108' title='bbox 265 1826 296 1874; x_wconf 89' lang='lat' dir='ltr'>ut</span> <span class='ocrx_word' id='word_1_109' title='bbox 315 1816 376 1891; x_wconf 88' lang='lat' dir='ltr'>ejus</span> <span class='ocrx_word' id='word_1_110' title='bbox 396 1815 483 1891; x_wconf 87' lang='lat' dir='ltr'>ipsius</span> <span class='ocrx_word' id='word_1_111' title='bbox 504 1815 587 1885; x_wconf 88' lang='lat' dir='ltr'>artis,</span> <span class='ocrx_word' id='word_1_112' title='bbox 600 1813 649 1872; x_wconf 87' lang='lat' dir='ltr'>cui</span> <span class='ocrx_word' id='word_1_113' title='bbox 668 1808 873 1890; x_wconf 69' lang='lat' dir='ltr'>studeret,spri·</span> <span class='ocrx_word' id='word_1_114' title='bbox 887 1821 918 1871; x_wconf 79' lang='lat'>15</span> 
     </span>
    </p>
   </div>
   <div class='ocr_carea' id='block_1_4' title="bbox 85 1909 917 3136">
    <p class='ocr_par' dir='ltr' id='par_1_4' title="bbox 85 1909 917 3136">
     <span class='ocr_line' id='line_1_17' title="bbox 91 1909 872 1986; baseline -0.003 -16"><span class='ocrx_word' id='word_1_115' title='bbox 91 1931 167 1970; x_wconf 89' lang='lat' dir='ltr'>mam</span> <span class='ocrx_word' id='word_1_116' title='bbox 187 1913 298 1970; x_wconf 77' lang='lat' dir='ltr'>literam</span> <span class='ocrx_word' id='word_1_117' title='bbox 319 1930 376 1970; x_wconf 91' lang='lat' dir='ltr'>uon</span> <span class='ocrx_word' id='word_1_118' title='bbox 396 1921 492 1986; x_wconf 86' lang='lat' dir='ltr'>posset</span> <span class='ocrx_word' id='word_1_119' title='bbox 512 1911 619 1979; x_wconf 83' lang='lat' dir='ltr'>dicere,</span> <span class='ocrx_word' id='word_1_120' title='bbox 639 1909 759 1986; x_wconf 85' lang='lat' dir='ltr'>perfecit</span> <span class='ocrx_word' id='word_1_121' title='bbox 784 1910 872 1968; x_wconf 89' lang='lat' dir='ltr'>medi·</span> 
     </span>
     <span class='ocr_line' id='line_1_18' title="bbox 90 2006 870 2083; baseline -0.001 -17"><span class='ocrx_word' id='word_1_122' title='bbox 90 2009 189 2079; x_wconf 87' lang='lat' dir='ltr'>tando,</span> <span class='ocrx_word' id='word_1_123' title='bbox 209 2019 240 2066; x_wconf 89' lang='lat' dir='ltr'>ut</span> <span class='ocrx_word' id='word_1_124' title='bbox 260 2025 345 2065; x_wconf 90' lang='lat' dir='ltr'>nemo</span> <span class='ocrx_word' id='word_1_125' title='bbox 368 2007 481 2083; x_wconf 89' lang='lat' dir='ltr'>planius</span> <span class='ocrx_word' id='word_1_126' title='bbox 507 2025 543 2063; x_wconf 90' lang='lat' dir='ltr'>eo</span> <span class='ocrx_word' id='word_1_127' title='bbox 569 2006 682 2064; x_wconf 89' lang='lat' dir='ltr'>locutus</span> <span class='ocrx_word' id='word_1_128' title='bbox 707 2017 870 2082; x_wconf 85' lang='lat' dir='ltr'>putaretur:</span> 
     </span>
     <span class='ocr_line' id='line_1_19' title="bbox 89 2101 872 2178; baseline 0 -18"><span class='ocrx_word' id='word_1_129' title='bbox 89 2103 206 2174; x_wconf 87' lang='lat' dir='ltr'>deiude,</span> <span class='ocrx_word' id='word_1_130' title='bbox 227 2121 294 2161; x_wconf 91' lang='lat' dir='ltr'>cum</span> <span class='ocrx_word' id='word_1_131' title='bbox 314 2102 428 2178; x_wconf 88' lang='lat' dir='ltr'>spiritus</span> <span class='ocrx_word' id='word_1_132' title='bbox 451 2101 512 2177; x_wconf 85' lang='lat' dir='ltr'>ejus</span> <span class='ocrx_word' id='word_1_133' title='bbox 536 2111 611 2158; x_wconf 88' lang='lat' dir='ltr'>esset</span> <span class='ocrx_word' id='word_1_134' title='bbox 635 2101 791 2177; x_wconf 84' lang='lat' dir='ltr'>angustior,</span> <span class='ocrx_word' id='word_1_135' title='bbox 811 2111 872 2160; x_wconf 85' lang='lat' dir='ltr'>tan·</span> 
     </span>
     <span class='ocr_line' id='line_1_20' title="bbox 89 2182 871 2270; baseline -0.005 -12"><span class='ocrx_word' id='word_1_136' title='bbox 89 2210 162 2270; x_wconf 86' lang='lat' dir='ltr'>tum,</span> <span class='ocrx_word' id='word_1_137' title='bbox 174 2199 349 2256; x_wconf 76' lang='lat' dir='ltr'>continendi</span> <span class='ocrx_word' id='word_1_138' title='bbox 360 2197 454 2255; x_wconf 75' lang='lat' dir='ltr'>enimi</span> <span class='ocrx_word' id='word_1_139' title='bbox 467 2196 498 2254; x_wconf 92' lang='lat' dir='ltr'>in</span> <span class='ocrx_word' id='word_1_140' title='bbox 512 2182 646 2268; x_wconf 80' lang='lat' dir='ltr'>dicendo,</span> <span class='ocrx_word' id='word_1_141' title='bbox 656 2207 700 2254; x_wconf 90' lang='lat' dir='ltr'>est</span> <span class='ocrx_word' id='word_1_142' title='bbox 714 2207 871 2269; x_wconf 76' lang='lat' dir='ltr'>msecutus,</span> 
     </span>
     <span class='ocr_line' id='line_1_21' title="bbox 89 2292 917 2369; baseline 0 -17"><span class='ocrx_word' id='word_1_143' title='bbox 89 2306 123 2354; x_wconf 92' lang='lat' dir='ltr'>ut</span> <span class='ocrx_word' id='word_1_144' title='bbox 146 2295 204 2352; x_wconf 72' lang='lat' dir='ltr'>uni</span> <span class='ocrx_word' id='word_1_145' title='bbox 228 2293 443 2352; x_wconf 77' lang='lat' dir='ltr'>continuatione</span> <span class='ocrx_word' id='word_1_146' title='bbox 469 2294 619 2350; x_wconf 78' lang='lat' dir='ltr'>verborum</span> <span class='ocrx_word' id='word_1_147' title='bbox 644 2292 688 2369; x_wconf 85' lang='lat' dir='ltr'>(id</span> <span class='ocrx_word' id='word_1_148' title='bbox 711 2293 787 2368; x_wconf 91' lang='lat' dir='ltr'>quod</span> <span class='ocrx_word' id='word_1_149' title='bbox 810 2293 871 2369; x_wconf 83' lang='lat' dir='ltr'>ejus</span> <span class='ocrx_word' id='word_1_150' title='bbox 884 2299 917 2352; x_wconf 62' lang='grc' dir='ltr'>Φ)</span> 
     </span>
     <span class='ocr_line' id='line_1_22' title="bbox 88 2388 872 2469; baseline -0.003 -20"><span class='ocrx_word' id='word_1_151' title='bbox 88 2391 196 2468; x_wconf 87' lang='lat' dir='ltr'>scripta</span> <span class='ocrx_word' id='word_1_152' title='bbox 213 2391 376 2469; x_wconf 87' lang='lat' dir='ltr'>declarant)</span> <span class='ocrx_word' id='word_1_153' title='bbox 398 2389 471 2448; x_wconf 78' lang='lat' dir='ltr'>bine</span> <span class='ocrx_word' id='word_1_154' title='bbox 489 2389 517 2446; x_wconf 92' lang='lat' dir='ltr'>ei</span> <span class='ocrx_word' id='word_1_155' title='bbox 538 2388 737 2446; x_wconf 88' lang='lat' dir='ltr'>contentiones</span> <span class='ocrx_word' id='word_1_156' title='bbox 750 2388 829 2446; x_wconf 80' lang='lat' dir='ltr'>vocis</span> <span class='ocrx_word' id='word_1_157' title='bbox 841 2400 872 2448; x_wconf 90' lang='lat' dir='ltr'>et</span> 
     </span>
     <span class='ocr_line' id='line_1_23' title="bbox 88 2483 871 2562; baseline -0.003 -18"><span class='ocrx_word' id='word_1_158' title='bbox 88 2487 272 2546; x_wconf 75' lang='lat' dir='ltr'>remissiones</span> <span class='ocrx_word' id='word_1_159' title='bbox 286 2486 516 2544; x_wconf 79' lang='lat' dir='ltr'>continerentur:</span> <span class='ocrx_word' id='word_1_160' title='bbox 537 2484 587 2560; x_wconf 88' lang='lat' dir='ltr'>qni</span> <span class='ocrx_word' id='word_1_161' title='bbox 605 2483 691 2542; x_wconf 88' lang='lat' dir='ltr'>etism</span> <span class='ocrx_word' id='word_1_162' title='bbox 705 2483 753 2562; x_wconf 94' lang='lat' dir='ltr'>(ut</span> <span class='ocrx_word' id='word_1_163' title='bbox 764 2502 871 2542; x_wconf 88' lang='lat' dir='ltr'>memo·</span> 
     </span>
     <span class='ocr_line' id='line_1_24' title="bbox 88 2580 870 2661; baseline -0.003 -19"><span class='ocrx_word' id='word_1_164' title='bbox 88 2584 140 2642; x_wconf 80' lang='lat' dir='ltr'>riae</span> <span class='ocrx_word' id='word_1_165' title='bbox 160 2583 302 2660; x_wconf 87' lang='lat' dir='ltr'>proditum</span> <span class='ocrx_word' id='word_1_166' title='bbox 323 2586 391 2661; x_wconf 87' lang='lat' dir='ltr'>est),</span> <span class='ocrx_word' id='word_1_167' title='bbox 406 2581 544 2658; x_wconf 88' lang='lat' dir='ltr'>conjectis</span> <span class='ocrx_word' id='word_1_168' title='bbox 562 2581 593 2639; x_wconf 92' lang='lat' dir='ltr'>in</span> <span class='ocrx_word' id='word_1_169' title='bbox 607 2598 640 2638; x_wconf 92' lang='lat' dir='ltr'>os</span> <span class='ocrx_word' id='word_1_170' title='bbox 653 2580 781 2652; x_wconf 86' lang='lat' dir='ltr'>calculis,</span> <span class='ocrx_word' id='word_1_171' title='bbox 795 2599 870 2640; x_wconf 90' lang='lat' dir='ltr'>sum·</span> 
     </span>
     <span class='ocr_line' id='line_1_25' title="bbox 87 2676 870 2752; baseline -0.003 -14"><span class='ocrx_word' id='word_1_172' title='bbox 87 2679 137 2738; x_wconf 79' lang='lat' dir='ltr'>mi</span> <span class='ocrx_word' id='word_1_173' title='bbox 157 2697 228 2738; x_wconf 81' lang='lat' dir='ltr'>voce</span> <span class='ocrx_word' id='word_1_174' title='bbox 248 2697 345 2737; x_wconf 76' lang='lat' dir='ltr'>narsus</span> <span class='ocrx_word' id='word_1_175' title='bbox 364 2677 469 2735; x_wconf 89' lang='lat' dir='ltr'>multos</span> <span class='ocrx_word' id='word_1_176' title='bbox 489 2695 547 2736; x_wconf 91' lang='lat' dir='ltr'>nno</span> <span class='ocrx_word' id='word_1_177' title='bbox 565 2676 667 2752; x_wconf 85' lang='lat' dir='ltr'>spiritu</span> <span class='ocrx_word' id='word_1_178' title='bbox 685 2676 870 2752; x_wconf 83' lang='lat' dir='ltr'>pronuntiare</span> 
     </span>
     <span class='ocr_line' id='line_1_26' title="bbox 87 2771 916 2853; baseline -0.002 -19"><span class='ocrx_word' id='word_1_179' title='bbox 87 2776 312 2846; x_wconf 84' lang='lat' dir='ltr'>consuascsbst3</span> <span class='ocrx_word' id='word_1_180' title='bbox 333 2790 424 2850; x_wconf 88' lang='lat' dir='ltr'>nsque</span> <span class='ocrx_word' id='word_1_181' title='bbox 441 2771 492 2853; x_wconf 90' lang='lat' dir='ltr'>[is]</span> <span class='ocrx_word' id='word_1_182' title='bbox 508 2772 670 2832; x_wconf 86' lang='lat' dir='ltr'>consistens</span> <span class='ocrx_word' id='word_1_183' title='bbox 685 2773 715 2832; x_wconf 86' lang='lat' dir='ltr'>in</span> <span class='ocrx_word' id='word_1_184' title='bbox 728 2773 805 2844; x_wconf 92' lang='lat' dir='ltr'>loco,</span> <span class='ocrx_word' id='word_1_185' title='bbox 818 2772 869 2832; x_wconf 89' lang='lat' dir='ltr'>sed</span> <span class='ocrx_word' id='word_1_186' title='bbox 883 2781 916 2832; x_wconf 64' lang='lat'><strong>5</strong></span> 
     </span>
     <span class='ocr_line' id='line_1_27' title="bbox 86 2869 867 2947; baseline -0.005 -15"><span class='ocrx_word' id='word_1_187' title='bbox 86 2871 280 2943; x_wconf 79' lang='lat' dir='ltr'>inambulans,</span> <span class='ocrx_word' id='word_1_188' title='bbox 310 2881 395 2947; x_wconf 85' lang='lat' dir='ltr'>atque</span> <span class='ocrx_word' id='word_1_189' title='bbox 421 2887 544 2928; x_wconf 87' lang='lat' dir='ltr'>ascensu</span> <span class='ocrx_word' id='word_1_190' title='bbox 580 2869 744 2947; x_wconf 79' lang='lat' dir='ltr'>ingrediens</span> <span class='ocrx_word' id='word_1_191' title='bbox 769 2869 867 2928; x_wconf 80' lang='lat' dir='ltr'>arduo</span> 
     </span>
     <span class='ocr_line' id='line_1_28' title="bbox 86 2963 869 3046; baseline -0.004 -19"><span class='ocrx_word' id='word_1_192' title='bbox 86 2966 181 3040; x_wconf 67' lang='lat' dir='ltr'>Hisce</span> <span class='ocrx_word' id='word_1_193' title='bbox 201 2985 257 3046; x_wconf 80' lang='lat' dir='ltr'>ego</span> <span class='ocrx_word' id='word_1_194' title='bbox 276 2966 531 3038; x_wconf 82' lang='lat' dir='ltr'>cohortationibus,</span> <span class='ocrx_word' id='word_1_195' title='bbox 549 2964 668 3036; x_wconf 67' lang='lat' dir='ltr'>canus,</span> <span class='ocrx_word' id='word_1_196' title='bbox 685 2965 721 3024; x_wconf 83' lang='lat' dir='ltr'>ad</span> <span class='ocrx_word' id='word_1_197' title='bbox 742 2963 869 3025; x_wconf 78' lang='lat' dir='ltr'>studium</span> 
     </span>
     <span class='ocr_line' id='line_1_29' title="bbox 85 3058 868 3136; baseline 0.001 -18"><span class='ocrx_word' id='word_1_198' title='bbox 85 3071 118 3118; x_wconf 82' lang='lat' dir='ltr'>et</span> <span class='ocrx_word' id='word_1_199' title='bbox 143 3061 180 3120; x_wconf 84' lang='lat' dir='ltr'>sd</span> <span class='ocrx_word' id='word_1_200' title='bbox 204 3061 332 3123; x_wconf 77' lang='lat' dir='ltr'>laborem</span> <span class='ocrx_word' id='word_1_201' title='bbox 359 3059 520 3121; x_wconf 69' lang='lat' dir='ltr'>incitandos</span> <span class='ocrx_word' id='word_1_202' title='bbox 543 3059 663 3136; x_wconf 80' lang='lat' dir='ltr'>juvenes</span> <span class='ocrx_word' id='word_1_203' title='bbox 687 3058 868 3123; x_wconf 63' lang='lat' dir='ltr'>remmus«</span> 
     </span>
    </p>
   </div>
   <div class='ocr_carea' id='block_1_5' title="bbox 0 0 1088 3567">
    <p class='ocr_par' dir='ltr' id='par_1_5' title="bbox 0 0 1088 3567">
     <span class='ocr_line' id='line_1_30' title="bbox 0 0 1088 3567; baseline 0 3"><span class='ocrx_word' id='word_1_204' title='bbox 0 0 1088 3567; x_wconf 95' lang='lat' dir='ltr'> </span> 
     </span>
    </p>
   </div>
  </div>
 </body>
</html>
