<?xml version="1.0" encoding="UTF-8"?>
<!DOCTYPE html PUBLIC "-//W3C//DTD XHTML 1.0 Transitional//EN"
    "http://www.w3.org/TR/xhtml1/DTD/xhtml1-transitional.dtd">
<html xmlns="http://www.w3.org/1999/xhtml" xml:lang="en" lang="en">
 <head>
  <title>
</title>
<meta http-equiv="Content-Type" content="text/html;charset=utf-8" />
  <meta name='ocr-system' content='tesseract 3.04.00' />
  <meta name='ocr-capabilities' content='ocr_page ocr_carea ocr_par ocr_line ocrx_word'/>
</head>
<body>
  <div class='ocr_page' id='page_1' title='image "./mtciceronisadqu01dillgoog_0142.png"; bbox 0 0 2167 3567; ppageno 0'>
   <div class='ocr_carea' id='block_1_1' title="bbox 131 305 959 379">
    <p class='ocr_par' dir='ltr' id='par_1_1' title="bbox 131 305 959 379">
     <span class='ocr_line' id='line_1_1' title="bbox 131 305 959 379; baseline -0.001 -15"><span class='ocrx_word' id='word_1_1' title='bbox 131 305 188 366; x_wconf 76' lang='lat' dir='ltr'><strong>1³ss</strong></span> <span class='ocrx_word' id='word_1_2' title='bbox 447 317 490 365; x_wconf 87' lang='lat' dir='ltr'><strong>nu</strong></span> <span class='ocrx_word' id='word_1_3' title='bbox 511 317 675 365; x_wconf 68' lang='lat' dir='ltr'><strong>urrunnun.</strong></span> <span class='ocrx_word' id='word_1_4' title='bbox 876 318 959 379; x_wconf 76' lang='lat' dir='ltr'><strong>[nu.</strong></span> 
     </span>
    </p>
   </div>
   <div class='ocr_carea' id='block_1_2' title="bbox 173 463 959 828">
    <p class='ocr_par' dir='ltr' id='par_1_2' title="bbox 173 463 959 828">
     <span class='ocr_line' id='line_1_2' title="bbox 175 463 958 541; baseline 0.001 -19"><span class='ocrx_word' id='word_1_5' title='bbox 175 482 238 538; x_wconf 75' lang='lat' dir='ltr'><strong>que</strong></span> <span class='ocrx_word' id='word_1_6' title='bbox 250 463 424 540; x_wconf 81' lang='lat' dir='ltr'>temporibus</span> <span class='ocrx_word' id='word_1_7' title='bbox 437 475 467 524; x_wconf 89' lang='lat' dir='ltr'><strong>et</strong></span> <span class='ocrx_word' id='word_1_8' title='bbox 478 465 609 541; x_wconf 82' lang='lat' dir='ltr'><strong>personis</strong></span> <span class='ocrx_word' id='word_1_9' title='bbox 626 476 730 524; x_wconf 81' lang='lat' dir='ltr'><strong>netetae</strong></span> <span class='ocrx_word' id='word_1_10' title='bbox 743 476 818 537; x_wconf 79' lang='lat' dir='ltr'><strong>eunt,</strong></span> <span class='ocrx_word' id='word_1_11' title='bbox 833 465 891 524; x_wconf 84' lang='lat' dir='ltr'><strong>hoe</strong></span> <span class='ocrx_word' id='word_1_12' title='bbox 903 475 958 538; x_wconf 80' lang='lat' dir='ltr'><strong>eet,</strong></span> 
     </span>
     <span class='ocr_line' id='line_1_3' title="bbox 175 559 958 639; baseline 0.005 -23"><span class='ocrx_word' id='word_1_13' title='bbox 175 559 211 616; x_wconf 89' lang='lat' dir='ltr'><strong>de</strong></span> <span class='ocrx_word' id='word_1_14' title='bbox 231 561 363 618; x_wconf 84' lang='lat' dir='ltr'><strong>omnibus</strong></span> <span class='ocrx_word' id='word_1_15' title='bbox 389 562 557 633; x_wconf 81' lang='lat' dir='ltr'>forensibus,</span> <span class='ocrx_word' id='word_1_16' title='bbox 578 562 629 618; x_wconf 79' lang='lat' dir='ltr'><strong>sed</strong></span> <span class='ocrx_word' id='word_1_17' title='bbox 655 573 742 619; x_wconf 82' lang='lat' dir='ltr'><strong>etiarn</strong></span> <span class='ocrx_word' id='word_1_18' title='bbox 762 563 799 620; x_wconf 88' lang='lat' dir='ltr'><strong>de</strong></span> <span class='ocrx_word' id='word_1_19' title='bbox 818 581 958 639; x_wconf 84' lang='lat' dir='ltr'>generum</span> 
     </span>
     <span class='ocr_line' id='line_1_4' title="bbox 175 654 959 732; baseline 0.006 -22"><span class='ocrx_word' id='word_1_20' title='bbox 175 654 293 711; x_wconf 87' lang='lat' dir='ltr'><strong>infinitis</strong></span> <span class='ocrx_word' id='word_1_21' title='bbox 307 655 521 729; x_wconf 74' lang='lat' dir='ltr'><strong>questionibus,</strong></span> <span class='ocrx_word' id='word_1_22' title='bbox 536 655 643 726; x_wconf 80' lang='lat' dir='ltr'>dicere,</span> <span class='ocrx_word' id='word_1_23' title='bbox 657 657 768 714; x_wconf 89' lang='lat' dir='ltr'><strong>nullum</strong></span> <span class='ocrx_word' id='word_1_24' title='bbox 786 667 959 732; x_wconf 77' lang='lat' dir='ltr'><strong>potestesse</strong></span> 
     </span>
     <span class='ocr_line' id='line_1_5' title="bbox 173 751 740 828; baseline 0.002 -20"><span class='ocrx_word' id='word_1_25' title='bbox 173 767 265 826; x_wconf 75' lang='lat' dir='ltr'><strong>genus</strong></span> <span class='ocrx_word' id='word_1_26' title='bbox 278 751 424 823; x_wconf 77' lang='lat' dir='ltr'><strong>orationis,</strong></span> <span class='ocrx_word' id='word_1_27' title='bbox 439 752 516 826; x_wconf 89' lang='lat' dir='ltr'><strong>quod</strong></span> <span class='ocrx_word' id='word_1_28' title='bbox 528 752 566 809; x_wconf 87' lang='lat' dir='ltr'><strong>sit</strong></span> <span class='ocrx_word' id='word_1_29' title='bbox 578 762 740 828; x_wconf 73' lang='lat' dir='ltr'><strong>exceptum.</strong></span> 
     </span>
    </p>
   </div>
   <div class='ocr_carea' id='block_1_3' title="bbox 127 942 958 3129">
    <p class='ocr_par' dir='ltr' id='par_1_3' title="bbox 144 942 958 1402">
     <span class='ocr_line' id='line_1_6' title="bbox 144 942 958 1020; baseline 0.005 -22"><span class='ocrx_word' id='word_1_30' title='bbox 144 948 160 996; x_wconf 82' lang='lat'><strong>5</strong></span> <span class='ocrx_word' id='word_1_31' title='bbox 214 942 295 1000; x_wconf 89' lang='lat' dir='ltr'>XVI.</span> <span class='ocrx_word' id='word_1_32' title='bbox 326 944 384 1000; x_wconf 88' lang='lat' dir='ltr'><strong>Sed</strong></span> <span class='ocrx_word' id='word_1_33' title='bbox 412 944 435 1001; x_wconf 83' lang='lat' dir='ltr'><strong>si</strong></span> <span class='ocrx_word' id='word_1_34' title='bbox 460 944 536 1002; x_wconf 82' lang='lat' dir='ltr'><strong>illam</strong></span> <span class='ocrx_word' id='word_1_35' title='bbox 561 963 673 1020; x_wconf 88' lang='lat' dir='ltr'><strong>qnoque</strong></span> <span class='ocrx_word' id='word_1_36' title='bbox 694 954 804 1020; x_wconf 77' lang='lat' dir='ltr'><strong>purtem</strong></span> <span class='ocrx_word' id='word_1_37' title='bbox 827 945 958 1020; x_wconf 78' lang='lat' dir='ltr'><strong>quentin·</strong></span> 
     </span>
     <span class='ocr_line' id='line_1_7' title="bbox 175 1040 958 1118; baseline 0.003 -22"><span class='ocrx_word' id='word_1_38' title='bbox 175 1057 243 1096; x_wconf 88' lang='lat' dir='ltr'><strong>num</strong></span> <span class='ocrx_word' id='word_1_39' title='bbox 264 1040 369 1097; x_wconf 80' lang='lat' dir='ltr'><strong>oratori</strong></span> <span class='ocrx_word' id='word_1_40' title='bbox 389 1041 519 1097; x_wconf 84' lang='lat' dir='ltr'><strong>volumus</strong></span> <span class='ocrx_word' id='word_1_41' title='bbox 540 1042 694 1117; x_wconf 78' lang='lat' dir='ltr'><strong>adjungere</strong></span> <span class='ocrx_word' id='word_1_42' title='bbox 715 1060 825 1118; x_wconf 78' lang='lat' dir='ltr'><strong>rugam,</strong></span> <span class='ocrx_word' id='word_1_43' title='bbox 840 1051 869 1098; x_wconf 90' lang='lat' dir='ltr'><strong>et</strong></span> <span class='ocrx_word' id='word_1_44' title='bbox 888 1041 958 1099; x_wconf 87' lang='lat' dir='ltr'><strong>libe·</strong></span> 
     </span>
     <span class='ocr_line' id='line_1_8' title="bbox 175 1134 958 1211; baseline 0.001 -18"><span class='ocrx_word' id='word_1_45' title='bbox 175 1154 245 1206; x_wconf 82' lang='lat' dir='ltr'><strong>reru,</strong></span> <span class='ocrx_word' id='word_1_46' title='bbox 269 1146 298 1192; x_wconf 86' lang='lat' dir='ltr'><strong>et</strong></span> <span class='ocrx_word' id='word_1_47' title='bbox 321 1134 377 1194; x_wconf 82' lang='lat' dir='ltr'><strong>late</strong></span> <span class='ocrx_word' id='word_1_48' title='bbox 401 1146 556 1211; x_wconf 79' lang='lat' dir='ltr'><strong>putentem,</strong></span> <span class='ocrx_word' id='word_1_49' title='bbox 580 1147 611 1194; x_wconf 92' lang='lat' dir='ltr'><strong>ut</strong></span> <span class='ocrx_word' id='word_1_50' title='bbox 634 1137 670 1195; x_wconf 90' lang='lat' dir='ltr'><strong>de</strong></span> <span class='ocrx_word' id='word_1_51' title='bbox 691 1137 778 1194; x_wconf 81' lang='lat' dir='ltr'><strong>rebus</strong></span> <span class='ocrx_word' id='word_1_52' title='bbox 801 1136 885 1194; x_wconf 79' lang='lat' dir='ltr'><strong>bonis</strong></span> <span class='ocrx_word' id='word_1_53' title='bbox 908 1148 958 1194; x_wconf 85' lang='lat' dir='ltr'><strong>nut</strong></span> 
     </span>
     <span class='ocr_line' id='line_1_9' title="bbox 175 1231 957 1308; baseline 0.001 -20"><span class='ocrx_word' id='word_1_54' title='bbox 175 1231 267 1302; x_wconf 82' lang='lat' dir='ltr'><strong>melis,</strong></span> <span class='ocrx_word' id='word_1_55' title='bbox 295 1232 460 1307; x_wconf 82' lang='lat' dir='ltr'>expetendis</span> <span class='ocrx_word' id='word_1_56' title='bbox 490 1242 538 1290; x_wconf 81' lang='lat' dir='ltr'><strong>aut</strong></span> <span class='ocrx_word' id='word_1_57' title='bbox 572 1231 725 1308; x_wconf 73' lang='lat' dir='ltr'><strong>fugiendis,</strong></span> <span class='ocrx_word' id='word_1_58' title='bbox 753 1231 881 1288; x_wconf 75' lang='lat' dir='ltr'><strong>honestis</strong></span> <span class='ocrx_word' id='word_1_59' title='bbox 908 1241 957 1289; x_wconf 82' lang='lat' dir='ltr'><strong>eut</strong></span> 
     </span>
     <span class='ocr_line' id='line_1_10' title="bbox 175 1325 956 1402; baseline 0 -19"><span class='ocrx_word' id='word_1_60' title='bbox 175 1326 314 1402; x_wconf 79' lang='lat' dir='ltr'><strong>turpibus,</strong></span> <span class='ocrx_word' id='word_1_61' title='bbox 335 1326 453 1384; x_wconf 82' lang='lat' dir='ltr'><strong>utilibus</strong></span> <span class='ocrx_word' id='word_1_62' title='bbox 474 1336 522 1384; x_wconf 82' lang='lat' dir='ltr'><strong>eut</strong></span> <span class='ocrx_word' id='word_1_63' title='bbox 542 1326 700 1398; x_wconf 81' lang='lat' dir='ltr'><strong>inutilibus,</strong></span> <span class='ocrx_word' id='word_1_64' title='bbox 721 1325 757 1382; x_wconf 91' lang='lat' dir='ltr'><strong>de</strong></span> <span class='ocrx_word' id='word_1_65' title='bbox 784 1326 898 1397; x_wconf 85' lang='lat' dir='ltr'><strong>virtute,</strong></span> <span class='ocrx_word' id='word_1_66' title='bbox 919 1327 956 1383; x_wconf 90' lang='lat' dir='ltr'><strong>de</strong></span> 
     </span>
    </p>

    <p class='ocr_par' dir='ltr' id='par_1_4' title="bbox 129 1421 958 1881">
     <span class='ocr_line' id='line_1_11' title="bbox 129 1421 957 1499; baseline 0 -20"><span class='ocrx_word' id='word_1_67' title='bbox 129 1431 159 1479; x_wconf 88' lang='lat'><strong>10</strong></span> <span class='ocrx_word' id='word_1_68' title='bbox 172 1421 292 1498; x_wconf 61' lang='lat' dir='ltr'><strong>justitie,</strong></span> <span class='ocrx_word' id='word_1_69' title='bbox 307 1422 342 1478; x_wconf 92' lang='lat' dir='ltr'><strong>de</strong></span> <span class='ocrx_word' id='word_1_70' title='bbox 363 1421 552 1491; x_wconf 65' lang='lat' dir='ltr'><strong>continentie,</strong></span> <span class='ocrx_word' id='word_1_71' title='bbox 566 1421 602 1478; x_wconf 91' lang='lat' dir='ltr'><strong>de</strong></span> <span class='ocrx_word' id='word_1_72' title='bbox 621 1422 782 1498; x_wconf 68' lang='lat' dir='ltr'><strong>prudentii,</strong></span> <span class='ocrx_word' id='word_1_73' title='bbox 797 1422 833 1478; x_wconf 90' lang='lat' dir='ltr'><strong>de</strong></span> <span class='ocrx_word' id='word_1_74' title='bbox 847 1421 957 1499; x_wconf 83' lang='lat' dir='ltr'><strong>mugni-</strong></span> 
     </span>
     <span class='ocr_line' id='line_1_12' title="bbox 175 1516 958 1593; baseline 0 -18"><span class='ocrx_word' id='word_1_75' title='bbox 175 1518 273 1576; x_wconf 87' lang='lat' dir='ltr'><strong>tudine</strong></span> <span class='ocrx_word' id='word_1_76' title='bbox 290 1517 386 1588; x_wconf 85' lang='lat' dir='ltr'><strong>enimi,</strong></span> <span class='ocrx_word' id='word_1_77' title='bbox 401 1518 437 1574; x_wconf 90' lang='lat' dir='ltr'><strong>de</strong></span> <span class='ocrx_word' id='word_1_78' title='bbox 457 1516 636 1588; x_wconf 75' lang='lat' dir='ltr'><strong>liberalitate,</strong></span> <span class='ocrx_word' id='word_1_79' title='bbox 651 1518 687 1574; x_wconf 88' lang='lat' dir='ltr'><strong>de</strong></span> <span class='ocrx_word' id='word_1_80' title='bbox 707 1517 823 1593; x_wconf 81' lang='lat' dir='ltr'><strong>pietate,</strong></span> <span class='ocrx_word' id='word_1_81' title='bbox 837 1518 874 1574; x_wconf 89' lang='lat' dir='ltr'><strong>de</strong></span> <span class='ocrx_word' id='word_1_82' title='bbox 888 1517 958 1575; x_wconf 85' lang='lat' dir='ltr'><strong>nuri·</strong></span> 
     </span>
     <span class='ocr_line' id='line_1_13' title="bbox 175 1613 956 1686; baseline 0 -16"><span class='ocrx_word' id='word_1_83' title='bbox 175 1613 254 1682; x_wconf 66' lang='lat' dir='ltr'><strong>eniti,</strong></span> <span class='ocrx_word' id='word_1_84' title='bbox 275 1613 311 1669; x_wconf 91' lang='lat' dir='ltr'><strong>de</strong></span> <span class='ocrx_word' id='word_1_85' title='bbox 338 1613 403 1683; x_wconf 89' lang='lat' dir='ltr'><strong>fide,</strong></span> <span class='ocrx_word' id='word_1_86' title='bbox 423 1614 459 1670; x_wconf 88' lang='lat' dir='ltr'><strong>de</strong></span> <span class='ocrx_word' id='word_1_87' title='bbox 485 1613 590 1682; x_wconf 81' lang='lat' dir='ltr'><strong>officio,</strong></span> <span class='ocrx_word' id='word_1_88' title='bbox 611 1614 648 1670; x_wconf 90' lang='lat' dir='ltr'><strong>de</strong></span> <span class='ocrx_word' id='word_1_89' title='bbox 670 1614 775 1670; x_wconf 80' lang='lat' dir='ltr'><strong>eeteris</strong></span> <span class='ocrx_word' id='word_1_90' title='bbox 794 1614 956 1686; x_wconf 83' lang='lat' dir='ltr'><strong>virtutibus,</strong></span> 
     </span>
     <span class='ocr_line' id='line_1_14' title="bbox 174 1708 955 1786; baseline -0.001 -18"><span class='ocrx_word' id='word_1_91' title='bbox 174 1708 379 1784; x_wconf 79' lang='lat' dir='ltr'><strong>contrariisque</strong></span> <span class='ocrx_word' id='word_1_92' title='bbox 400 1708 484 1780; x_wconf 84' lang='lat' dir='ltr'><strong>vitiis,</strong></span> <span class='ocrx_word' id='word_1_93' title='bbox 504 1709 658 1765; x_wconf 86' lang='lat' dir='ltr'><strong>dicendum</strong></span> <span class='ocrx_word' id='word_1_94' title='bbox 679 1710 785 1766; x_wconf 83' lang='lat' dir='ltr'><strong>oratori</strong></span> <span class='ocrx_word' id='word_1_95' title='bbox 804 1719 955 1786; x_wconf 80' lang='lat' dir='ltr'><strong>putemus:</strong></span> 
     </span>
     <span class='ocr_line' id='line_1_15' title="bbox 174 1803 956 1881; baseline 0 -18"><span class='ocrx_word' id='word_1_96' title='bbox 174 1805 297 1881; x_wconf 88' lang='lat' dir='ltr'><strong>itemque</strong></span> <span class='ocrx_word' id='word_1_97' title='bbox 312 1806 347 1862; x_wconf 90' lang='lat' dir='ltr'><strong>de</strong></span> <span class='ocrx_word' id='word_1_98' title='bbox 362 1803 518 1880; x_wconf 70' lang='lat' dir='ltr'><strong>republici,</strong></span> <span class='ocrx_word' id='word_1_99' title='bbox 533 1804 570 1861; x_wconf 89' lang='lat' dir='ltr'><strong>de</strong></span> <span class='ocrx_word' id='word_1_100' title='bbox 589 1805 720 1880; x_wconf 88' lang='lat' dir='ltr'><strong>imperio,</strong></span> <span class='ocrx_word' id='word_1_101' title='bbox 734 1807 815 1864; x_wconf 87' lang='lat' dir='ltr'><strong>dere</strong></span> <span class='ocrx_word' id='word_1_102' title='bbox 829 1807 956 1878; x_wconf 80' lang='lat' dir='ltr'><strong>militari,</strong></span> 
     </span>
    </p>

    <p class='ocr_par' dir='ltr' id='par_1_5' title="bbox 129 1901 957 2361">
     <span class='ocr_line' id='line_1_16' title="bbox 129 1901 956 1977; baseline 0.001 -19"><span class='ocrx_word' id='word_1_103' title='bbox 129 1909 160 1958; x_wconf 78' lang='lat'><strong>15</strong></span> <span class='ocrx_word' id='word_1_104' title='bbox 174 1902 210 1960; x_wconf 90' lang='lat' dir='ltr'><strong>de</strong></span> <span class='ocrx_word' id='word_1_105' title='bbox 236 1901 387 1977; x_wconf 62' lang='lat' dir='ltr'><strong>discipline</strong></span> <span class='ocrx_word' id='word_1_106' title='bbox 414 1901 548 1972; x_wconf 75' lang='lat' dir='ltr'><strong>civitatis,</strong></span> <span class='ocrx_word' id='word_1_107' title='bbox 572 1902 609 1958; x_wconf 89' lang='lat' dir='ltr'><strong>de</strong></span> <span class='ocrx_word' id='word_1_108' title='bbox 635 1901 783 1959; x_wconf 89' lang='lat' dir='ltr'><strong>hominum</strong></span> <span class='ocrx_word' id='word_1_109' title='bbox 809 1903 956 1973; x_wconf 80' lang='lat' dir='ltr'><strong>moribue;</strong></span> 
     </span>
     <span class='ocr_line' id='line_1_17' title="bbox 175 1998 957 2073; baseline -0.001 -17"><span class='ocrx_word' id='word_1_110' title='bbox 175 2017 350 2056; x_wconf 74' lang='lat' dir='ltr'><strong>assumamus</strong></span> <span class='ocrx_word' id='word_1_111' title='bbox 370 2017 433 2056; x_wconf 82' lang='lat' dir='ltr'><strong>earn</strong></span> <span class='ocrx_word' id='word_1_112' title='bbox 453 2017 565 2073; x_wconf 89' lang='lat' dir='ltr'><strong>quoque</strong></span> <span class='ocrx_word' id='word_1_113' title='bbox 583 2009 704 2073; x_wconf 81' lang='lat' dir='ltr'><strong>purtem,</strong></span> <span class='ocrx_word' id='word_1_114' title='bbox 724 1999 775 2055; x_wconf 85' lang='lat' dir='ltr'><strong>sed</strong></span> <span class='ocrx_word' id='word_1_115' title='bbox 797 1998 845 2069; x_wconf 81' lang='lat' dir='ltr'><strong>itu,</strong></span> <span class='ocrx_word' id='word_1_116' title='bbox 867 2009 899 2055; x_wconf 90' lang='lat' dir='ltr'><strong>ut</strong></span> <span class='ocrx_word' id='word_1_117' title='bbox 919 1999 957 2056; x_wconf 80' lang='lat' dir='ltr'><strong>eit</strong></span> 
     </span>
     <span class='ocr_line' id='line_1_18' title="bbox 174 2093 956 2169; baseline -0.001 -18"><span class='ocrx_word' id='word_1_118' title='bbox 174 2094 392 2169; x_wconf 79' lang='lat' dir='ltr'><strong>circumscripta</strong></span> <span class='ocrx_word' id='word_1_119' title='bbox 424 2093 544 2151; x_wconf 84' lang='lat' dir='ltr'><strong>modicis</strong></span> <span class='ocrx_word' id='word_1_120' title='bbox 580 2093 752 2169; x_wconf 84' lang='lat' dir='ltr'><strong>regionibus.</strong></span> <span class='ocrx_word' id='word_1_121' title='bbox 812 2093 956 2167; x_wconf 88' lang='lat' dir='ltr'><strong>Equidem</strong></span> 
     </span>
     <span class='ocr_line' id='line_1_19' title="bbox 173 2188 957 2265; baseline 0.001 -18"><span class='ocrx_word' id='word_1_122' title='bbox 173 2191 279 2262; x_wconf 78' lang='lat' dir='ltr'><strong>omnin,</strong></span> <span class='ocrx_word' id='word_1_123' title='bbox 301 2209 363 2264; x_wconf 82' lang='lat' dir='ltr'><strong>quae</strong></span> <span class='ocrx_word' id='word_1_124' title='bbox 389 2191 531 2265; x_wconf 87' lang='lat' dir='ltr'><strong>pertinent</strong></span> <span class='ocrx_word' id='word_1_125' title='bbox 552 2191 586 2246; x_wconf 83' lang='lat' dir='ltr'><strong>nd</strong></span> <span class='ocrx_word' id='word_1_126' title='bbox 608 2209 690 2246; x_wconf 78' lang='lat' dir='ltr'><strong>uuum</strong></span> <span class='ocrx_word' id='word_1_127' title='bbox 711 2188 826 2259; x_wconf 79' lang='lat' dir='ltr'><strong>civium,</strong></span> <span class='ocrx_word' id='word_1_128' title='bbox 847 2207 957 2248; x_wconf 84' lang='lat' dir='ltr'><strong>morem</strong></span> 
     </span>
     <span class='ocr_line' id='line_1_20' title="bbox 175 2285 956 2361; baseline -0.003 -17"><span class='ocrx_word' id='word_1_129' title='bbox 175 2289 330 2358; x_wconf 83' lang='lat' dir='ltr'><strong>hominum,</strong></span> <span class='ocrx_word' id='word_1_130' title='bbox 351 2306 413 2361; x_wconf 74' lang='lat' dir='ltr'><strong>que</strong></span> <span class='ocrx_word' id='word_1_131' title='bbox 433 2297 580 2344; x_wconf 77' lang='lat' dir='ltr'><strong>versantur</strong></span> <span class='ocrx_word' id='word_1_132' title='bbox 601 2285 630 2343; x_wconf 89' lang='lat' dir='ltr'><strong>in</strong></span> <span class='ocrx_word' id='word_1_133' title='bbox 650 2285 859 2343; x_wconf 71' lang='lat' dir='ltr'><strong>consuetudine</strong></span> <span class='ocrx_word' id='word_1_134' title='bbox 880 2285 956 2357; x_wconf 76' lang='lat' dir='ltr'><strong>rite,</strong></span> 
     </span>
    </p>

    <p class='ocr_par' dir='ltr' id='par_1_6' title="bbox 127 2380 958 2845">
     <span class='ocr_line' id='line_1_21' title="bbox 127 2380 957 2458; baseline -0.005 -18"><span class='ocrx_word' id='word_1_135' title='bbox 127 2390 159 2440; x_wconf 72' lang='lat'><strong>20</strong></span> <span class='ocrx_word' id='word_1_136' title='bbox 175 2383 203 2440; x_wconf 91' lang='lat' dir='ltr'><strong>in</strong></span> <span class='ocrx_word' id='word_1_137' title='bbox 219 2384 328 2440; x_wconf 78' lang='lat' dir='ltr'><strong>ratione</strong></span> <span class='ocrx_word' id='word_1_138' title='bbox 348 2383 522 2458; x_wconf 72' lang='lat' dir='ltr'><strong>reipublice,</strong></span> <span class='ocrx_word' id='word_1_139' title='bbox 537 2382 567 2438; x_wconf 91' lang='lat' dir='ltr'><strong>in</strong></span> <span class='ocrx_word' id='word_1_140' title='bbox 587 2382 643 2438; x_wconf 80' lang='lat' dir='ltr'><strong>hee</strong></span> <span class='ocrx_word' id='word_1_141' title='bbox 662 2381 801 2438; x_wconf 76' lang='lat' dir='ltr'><strong>societate</strong></span> <span class='ocrx_word' id='word_1_142' title='bbox 821 2380 910 2450; x_wconf 87' lang='lat' dir='ltr'><strong>eivili,</strong></span> <span class='ocrx_word' id='word_1_143' title='bbox 927 2380 957 2436; x_wconf 91' lang='lat' dir='ltr'><strong>in</strong></span> 
     </span>
     <span class='ocr_line' id='line_1_22' title="bbox 174 2475 956 2549; baseline -0.006 -13"><span class='ocrx_word' id='word_1_144' title='bbox 174 2497 260 2536; x_wconf 81' lang='lat' dir='ltr'><strong>sensu</strong></span> <span class='ocrx_word' id='word_1_145' title='bbox 274 2479 420 2536; x_wconf 87' lang='lat' dir='ltr'><strong>hominum</strong></span> <span class='ocrx_word' id='word_1_146' title='bbox 435 2477 592 2549; x_wconf 75' lang='lat' dir='ltr'><strong>communi,</strong></span> <span class='ocrx_word' id='word_1_147' title='bbox 607 2478 636 2534; x_wconf 90' lang='lat' dir='ltr'><strong>in</strong></span> <span class='ocrx_word' id='word_1_148' title='bbox 650 2476 762 2547; x_wconf 70' lang='lat' dir='ltr'><strong>nuturt‘t,</strong></span> <span class='ocrx_word' id='word_1_149' title='bbox 774 2476 805 2532; x_wconf 92' lang='lat' dir='ltr'><strong>in</strong></span> <span class='ocrx_word' id='word_1_150' title='bbox 818 2475 956 2546; x_wconf 79' lang='lat' dir='ltr'><strong>moribus,</strong></span> 
     </span>
     <span class='ocr_line' id='line_1_23' title="bbox 175 2570 957 2649; baseline -0.006 -17"><span class='ocrx_word' id='word_1_151' title='bbox 175 2573 444 2649; x_wconf 76' lang='lat' dir='ltr'><strong>comprehendenda</strong></span> <span class='ocrx_word' id='word_1_152' title='bbox 458 2592 520 2630; x_wconf 84' lang='lat' dir='ltr'><strong>esse</strong></span> <span class='ocrx_word' id='word_1_153' title='bbox 534 2573 641 2630; x_wconf 86' lang='lat' dir='ltr'><strong>orutori</strong></span> <span class='ocrx_word' id='word_1_154' title='bbox 659 2583 745 2648; x_wconf 87' lang='lat' dir='ltr'><strong>puto:</strong></span> <span class='ocrx_word' id='word_1_155' title='bbox 766 2570 791 2628; x_wconf 84' lang='lat' dir='ltr'><strong>si</strong></span> <span class='ocrx_word' id='word_1_156' title='bbox 804 2571 909 2642; x_wconf 80' lang='lat' dir='ltr'><strong>minus,</strong></span> <span class='ocrx_word' id='word_1_157' title='bbox 925 2580 957 2628; x_wconf 89' lang='lat' dir='ltr'><strong>nt</strong></span> 
     </span>
     <span class='ocr_line' id='line_1_24' title="bbox 174 2668 957 2747; baseline -0.009 -17"><span class='ocrx_word' id='word_1_158' title='bbox 174 2670 325 2747; x_wconf 75' lang='lat' dir='ltr'><strong>seperatim</strong></span> <span class='ocrx_word' id='word_1_159' title='bbox 345 2669 381 2726; x_wconf 88' lang='lat' dir='ltr'><strong>de</strong></span> <span class='ocrx_word' id='word_1_160' title='bbox 402 2670 445 2726; x_wconf 84' lang='lat' dir='ltr'><strong>his</strong></span> <span class='ocrx_word' id='word_1_161' title='bbox 465 2671 550 2728; x_wconf 86' lang='lat' dir='ltr'><strong>rebus</strong></span> <span class='ocrx_word' id='word_1_162' title='bbox 569 2668 800 2745; x_wconf 75' lang='lat' dir='ltr'><strong>philosophorum</strong></span> <span class='ocrx_word' id='word_1_163' title='bbox 820 2686 900 2724; x_wconf 88' lang='lat' dir='ltr'><strong>more</strong></span> <span class='ocrx_word' id='word_1_164' title='bbox 912 2685 957 2723; x_wconf 88' lang='lat' dir='ltr'><strong>re·</strong></span> 
     </span>
     <span class='ocr_line' id='line_1_25' title="bbox 174 2762 958 2845; baseline -0.008 -18"><span class='ocrx_word' id='word_1_165' title='bbox 174 2769 328 2845; x_wconf 77' lang='lat' dir='ltr'><strong>spondeat3</strong></span> <span class='ocrx_word' id='word_1_166' title='bbox 350 2775 479 2836; x_wconf 75' lang='lat' dir='ltr'><strong>atcerte,</strong></span> <span class='ocrx_word' id='word_1_167' title='bbox 494 2765 569 2823; x_wconf 90' lang='lat' dir='ltr'><strong>utin</strong></span> <span class='ocrx_word' id='word_1_168' title='bbox 586 2767 673 2822; x_wconf 71' lang='lat' dir='ltr'><strong>causi</strong></span> <span class='ocrx_word' id='word_1_169' title='bbox 693 2762 857 2840; x_wconf 80' lang='lat' dir='ltr'><strong>prudenter¹</strong></span> <span class='ocrx_word' id='word_1_170' title='bbox 867 2763 958 2838; x_wconf 77' lang='lat' dir='ltr'><strong>posuit</strong></span> 
     </span>
    </p>

    <p class='ocr_par' dir='ltr' id='par_1_7' title="bbox 128 2859 958 3129">
     <span class='ocr_line' id='line_1_26' title="bbox 128 2859 958 2936; baseline -0.01 -12"><span class='ocrx_word' id='word_1_171' title='bbox 128 2883 160 2932; x_wconf 57' lang='grc' dir='ltr'>ω</span> <span class='ocrx_word' id='word_1_172' title='bbox 175 2867 317 2924; x_wconf 83' lang='lat' dir='ltr'><strong>intexere:</strong></span> <span class='ocrx_word' id='word_1_173' title='bbox 339 2864 418 2920; x_wconf 82' lang='lat' dir='ltr'><strong>hisee</strong></span> <span class='ocrx_word' id='word_1_174' title='bbox 441 2871 534 2920; x_wconf 79' lang='lat' dir='ltr'><strong>eutem</strong></span> <span class='ocrx_word' id='word_1_175' title='bbox 557 2861 626 2936; x_wconf 81' lang='lat' dir='ltr'><strong>ipsis</strong></span> <span class='ocrx_word' id='word_1_176' title='bbox 646 2861 682 2918; x_wconf 92' lang='lat' dir='ltr'><strong>de</strong></span> <span class='ocrx_word' id='word_1_177' title='bbox 701 2861 786 2919; x_wconf 86' lang='lat' dir='ltr'><strong>rebus</strong></span> <span class='ocrx_word' id='word_1_178' title='bbox 806 2870 838 2917; x_wconf 90' lang='lat' dir='ltr'><strong>ut</strong></span> <span class='ocrx_word' id='word_1_179' title='bbox 857 2859 896 2917; x_wconf 82' lang='lat' dir='ltr'><strong>ita</strong></span> <span class='ocrx_word' id='word_1_180' title='bbox 917 2859 958 2916; x_wconf 89' lang='lat' dir='ltr'><strong>lo·</strong></span> 
     </span>
     <span class='ocr_line' id='line_1_27' title="bbox 174 2955 957 3036; baseline -0.009 -17"><span class='ocrx_word' id='word_1_181' title='bbox 174 2972 285 3036; x_wconf 79' lang='lat' dir='ltr'><strong>quatur,</strong></span> <span class='ocrx_word' id='word_1_182' title='bbox 306 2971 338 3019; x_wconf 90' lang='lat' dir='ltr'><strong>ut</strong></span> <span class='ocrx_word' id='word_1_183' title='bbox 358 2959 388 3031; x_wconf 91' lang='lat' dir='ltr'><strong>ii,</strong></span> <span class='ocrx_word' id='word_1_184' title='bbox 409 2959 458 3033; x_wconf 91' lang='lat' dir='ltr'><strong>qui</strong></span> <span class='ocrx_word' id='word_1_185' title='bbox 482 2958 556 3034; x_wconf 84' lang='lat' dir='ltr'><strong>jure,</strong></span> <span class='ocrx_word' id='word_1_186' title='bbox 577 2957 627 3033; x_wconf 90' lang='lat' dir='ltr'><strong>qui</strong></span> <span class='ocrx_word' id='word_1_187' title='bbox 647 2956 735 3033; x_wconf 78' lang='lat' dir='ltr'><strong>legen,</strong></span> <span class='ocrx_word' id='word_1_188' title='bbox 755 2955 806 3030; x_wconf 93' lang='lat' dir='ltr'><strong>qui</strong></span> <span class='ocrx_word' id='word_1_189' title='bbox 827 2955 957 3013; x_wconf 77' lang='lat' dir='ltr'><strong>eivitaten</strong></span> 
     </span>
     <span class='ocr_line' id='line_1_28' title="bbox 175 3050 958 3129; baseline -0.009 -13"><span class='ocrx_word' id='word_1_190' title='bbox 175 3057 394 3129; x_wconf 68' lang='lat' dir='ltr'><strong>constituerunt,</strong></span> <span class='ocrx_word' id='word_1_191' title='bbox 413 3054 502 3115; x_wconf 76' lang='lat' dir='ltr'><strong>locuti</strong></span> <span class='ocrx_word' id='word_1_192' title='bbox 528 3063 604 3125; x_wconf 78' lang='lat' dir='ltr'><strong>sunt,</strong></span> <span class='ocrx_word' id='word_1_193' title='bbox 630 3052 797 3129; x_wconf 73' lang='lat' dir='ltr'><strong>simpliciter</strong></span> <span class='ocrx_word' id='word_1_194' title='bbox 816 3060 846 3109; x_wconf 85' lang='lat' dir='ltr'><strong>et</strong></span> <span class='ocrx_word' id='word_1_195' title='bbox 864 3050 958 3126; x_wconf 78' lang='lat' dir='ltr'><strong>splen·</strong></span> 
     </span>
    </p>
   </div>
   <div class='ocr_carea' id='block_1_4' title="bbox 0 0 1088 3567">
    <p class='ocr_par' dir='ltr' id='par_1_8' title="bbox 0 0 1088 3567">
     <span class='ocr_line' id='line_1_29' title="bbox 0 0 1088 3567; baseline 0 0"><span class='ocrx_word' id='word_1_196' title='bbox 0 0 1088 3567; x_wconf 95' lang='lat' dir='ltr'><strong> </strong></span> 
     </span>
    </p>
   </div>
  </div>
 </body>
</html>
