2167 3567
128 300 181 360 mt
444 311 487 358 ne
509 308 673 356 cernone
873 307 954 368 [nrt

170 475 229 515 uon
256 476 345 516 conor
373 457 527 534 attingere:
562 474 630 516 cum
656 457 702 516 his
727 473 774 514 ms
802 453 848 533 (ut
878 455 953 535 dixi)

169 554 293 625 oblecto,
308 554 356 629 qui
377 573 422 612 res
442 565 547 630 gestas,
565 564 613 612 sut
632 552 681 629 qui
702 552 847 611 orationes
866 552 956 629 scrip·

171 663 268 708 serunt
288 669 363 720 sues,
379 660 427 708 aut
446 650 495 725 qui
515 651 556 708 itu
574 650 739 726 loquuntur,
753 658 785 707 ut
805 648 954 705 rideantur

170 746 293 803 voluisse
313 746 406 820 nobis,
421 746 469 822 qui
489 763 548 804 non
569 765 668 806 sumus
682 744 878 817 eruditissimi,
891 761 954 802 esse

138 843 333 902 bismilieres

202 1035 276 1094 XV.
307 1035 365 1094 Sed
393 1036 461 1094 illuc
492 1036 587 1094 redeo.
625 1035 789 1106 Videtisne,
814 1043 953 1110 quantum

170 1151 274 1190 munus
297 1134 367 1191 sitor
391 1131 478 1190 etoris
499 1133 637 1194 historiai
663 1132 739 1189 haud
759 1131 832 1202 seio,
846 1150 881 1189 un
902 1129 954 1187 flu·

169 1229 247 1287 mine
274 1228 422 1300 orationis,
443 1239 472 1286 et
496 1229 632 1287 varietate
661 1228 832 1286 marimum:
860 1244 953 1302 neque

169 1335 265 1384 tamen
278 1343 341 1383 eam
356 1325 467 1401 reperio
484 1343 603 1400 usquum
617 1324 770 1400 separaum
784 1323 954 1380 instructum

123 1429 154 1478 10
169 1421 313 1479 rhetorum
336 1421 500 1498 preceptis:
522 1421 577 1478 sita
592 1431 659 1478 sunt
672 1420 748 1478 enirn
764 1430 830 1476 unte
843 1419 952 1476 oculos.

169 1515 245 1574 Num
266 1516 330 1590 quis
350 1517 453 1587 nescit,
473 1516 593 1591 primum
614 1533 678 1572 esse
701 1515 827 1572 historire
848 1515 952 1590 legem,

169 1612 288 1688 nequid
303 1611 366 1669 fulsi
381 1611 477 1670 dicere
498 1611 621 1668 audenti
641 1610 746 1667 deinde
760 1610 879 1684 nequid
893 1609 953 1666 reri

169 1726 228 1766 non
247 1707 378 1766 audeati-
390 1726 426 1764 ne
446 1726 502 1783 qua
520 1706 647 1783 suspicio
665 1706 764 1783 gratim
785 1706 823 1763 sit
840 1705 869 1764 iu
883 1705 953 1764 scri·

169 1804 281 1862 bendot
301 1823 338 1862 nc
358 1823 415 1880 qus
434 1802 605 1862 simultatis?
633 1802 707 1868 Huc
726 1801 840 1860 scilicet
853 1802 954 1860 funde·

123 1910 154 1959 15
169 1911 265 1958 menta
279 1910 347 1959 note
360 1910 427 1958 sunt
446 1900 588 1958 omnibus
629 1898 697 1975 Ipse
717 1910 813 1956 nutem
832 1898 954 1956 exrediti·

168 1997 246 2060 cutio
259 1997 351 2073 positu
364 2005 408 2054 est
422 1995 451 2054 in
465 1996 551 2053 rebus
564 2006 594 2052 et
607 1995 710 2054 verbis.
750 1994 861 2052 Rerum
879 1994 953 2052 ratio

167 2094 296 2152 ordinem
317 2103 477 2169 temporum
497 2092 651 2164 desiderat,
665 2091 815 2169 regionum
829 2091 954 2167 descrip-

168 2189 292 2248 tionem:
320 2189 381 2247 vult
405 2188 502 2261 etism,
523 2189 659 2263 quonium
680 2188 709 2244 in
729 2187 815 2246 rebus
841 2186 953 2264 moguir

167 2286 362 2362 memoriique
394 2285 490 2362 dignis
523 2284 646 2342 consilis
679 2283 815 2360 primum,
847 2282 952 2341 deinde

121 2391 153 2442 m
169 2393 242 2454 ectu,
255 2393 355 2458 postea
368 2394 496 2453 eventus,
510 2379 811 2457 exspectaremus
824 2379 953 2438 consiliis

167 2478 323 2555 significari
337 2478 405 2553 quid
420 2478 541 2553 scriptor
555 2477 667 2553 probet,
677 2486 707 2533 et
721 2475 750 2533 in
764 2476 851 2535 rebus
863 2475 953 2552 gestis

167 2574 317 2646 declarari,
330 2592 389 2632 non
409 2574 500 2632 solum
520 2572 588 2648 quid
608 2583 703 2630 actum
718 2581 767 2629 aut
780 2571 890 2630 dictum
904 2571 952 2644 sit,

167 2670 217 2728 sed
238 2669 323 2728 etiarn
344 2669 505 2745 quomodo:
525 2679 555 2726 et
572 2687 640 2728 cum
653 2667 691 2724 de
703 2677 808 2726 eventu
827 2667 951 2740 dicutur,

167 2777 199 2825 ut
212 2785 307 2826 causeo
327 2765 504 2841 explicentur
524 2783 634 2837 omnes,
647 2764 692 2822 rel
713 2763 806 2836 onus,
821 2764 865 2821 rel
878 2764 953 2840 sepi·

120 2876 152 2926 tto
167 2863 262 2935 entim,
289 2864 333 2921 vel
367 2862 553 2920 temeritatis:
587 2861 791 2936 hominumque
824 2859 951 2936 ipsorum

167 2978 226 3018 non
249 2959 344 3020 solum
364 2977 412 3018 res
431 2968 529 3036 geste,
550 2958 600 3016 sed
626 2958 723 3028 etiem,
744 2956 792 3033 qui
819 2957 895 3014 fami
916 2974 952 3014 uc

167 3056 286 3116 nomine
298 3056 450 3128 excellent,
463 3055 499 3112 de
513 3055 651 3130 cujusque
664 3052 722 3110 vitri
736 3062 820 3129 atquo
837 3052 950 3110 uetur&
