2167 3567
131 323 168 383 12
448 334 491 383 na
513 334 676 381 onarone.
890 333 963 395 [nu

173 482 269 561 plures
302 482 407 542 ceteris
441 484 549 541 artibus
582 483 730 556 inservire,
769 490 818 541 aut
849 482 963 559 majore

173 579 375 652 delectatione,
397 590 445 638 aut
468 600 518 656 spe
545 580 688 651 uberiore,
710 589 759 636 aut
777 578 903 656 praemiis
924 579 964 638 ad

172 676 392 752 perdiscendum
414 676 599 752 amplioribus
620 660 802 734 commoveri.
850 675 962 750 Atque,

173 780 205 829 ut
228 773 358 831 omittam
385 773 622 849 Graeciamque
649 792 761 849 semper
787 772 963 846 eloquentiae

144 868 306 946 tprinceps
327 888 390 927 esse
410 869 509 940 voluit,
524 880 608 945 atque
628 869 691 926 illas
711 869 840 927 omnium
854 868 964 926 doctri·

173 983 273 1023 narum
301 965 474 1023 inventrices
502 965 643 1036 Athenas,
664 965 694 1023 in
717 966 821 1041 quibus
847 982 964 1022 summa

173 1059 290 1119 dicendi
309 1061 352 1119 ris
375 1072 404 1120 et
428 1062 545 1119 inventa
562 1071 606 1119 est
629 1070 658 1117 et
680 1061 825 1137 perfecta:
853 1060 884 1117 in
904 1059 963 1117 bac

174 1156 237 1234 ipsi
257 1158 372 1217 civitate
392 1160 531 1236 profecto,
552 1157 632 1216 nulla
661 1175 788 1232 unquam
809 1158 964 1215 vehemen-

173 1254 241 1326 tius,
262 1273 347 1331 quam
367 1255 538 1329 eloquentie
562 1255 657 1312 studia
679 1254 839 1331 viguerunt.
882 1252 963 1311 Nam

130 1362 160 1413 ιο
174 1361 369 1427 posteaquam,
397 1351 517 1425 imperio
543 1351 672 1408 omnium
699 1350 828 1427 gentium
855 1350 964 1407 consti·

174 1456 246 1517 tuto,
261 1446 433 1503 diuturnitas
452 1447 533 1521 pacis
553 1446 643 1503 otium
665 1446 853 1517 confirmarit,
874 1464 963 1504 nemo

175 1542 235 1599 fere
248 1542 341 1599 laudis
355 1542 476 1617 cupidus
491 1543 659 1599 adolescens
671 1560 730 1599 non
745 1542 799 1599 sibi
814 1543 850 1600 ad
864 1542 964 1599 dicen·

175 1638 242 1695 dum
257 1639 353 1695 studio
366 1639 444 1695 omni
459 1639 625 1696 enitendum
641 1638 759 1714 putavit.
800 1639 847 1696 Ac
866 1639 963 1714 primo

175 1735 289 1809 quidem
311 1736 399 1792 totius
419 1736 538 1793 rationis
559 1735 662 1812 ignari,
677 1735 726 1810 qui
744 1754 839 1811 neque
852 1735 964 1793 exerci-

130 1844 161 1893 15
175 1830 292 1887 tationis
311 1832 398 1889 ullam
419 1832 504 1903 viam,
524 1850 617 1908 neque
646 1832 760 1907 aliquod
786 1845 963 1908 preceptum

176 1927 243 1985 artis
270 1946 333 1985 esse
361 1928 576 2001 arbitrarentur,
605 1938 726 2000 tautum,
753 1939 891 2003 quantum
919 1929 963 1986 in·

175 2025 262 2101 genio
285 2034 314 2081 et
338 2025 514 2102 cogitatione
540 2036 681 2100 poterant,
703 2027 960 2101 consequebantur.

175 2120 243 2179 Post
264 2132 369 2193 autem,
385 2121 488 2179 auditis
509 2122 671 2180 oratoribus
691 2122 810 2195 Graecis,
826 2122 962 2200 cognitis·

151 2264 152 2269 κ
175 2237 230 2295 que
254 2236 353 2278 eorum
381 2219 481 2291 literis,
505 2220 696 2296 adhibitisque
723 2221 898 2292 doctoribus,
919 2219 962 2278 in·

129 2324 161 2374 2⁰
176 2316 307 2375 credibili
328 2318 450 2392 quodam
470 2318 562 2375 nostri
582 2318 714 2375 homines
733 2317 850 2374 dicendi
864 2316 961 2375 studio

175 2412 373 2487 flagraverunt.
416 2414 570 2471 Excitabat
582 2432 633 2469 eos
647 2412 816 2487 magnitudo
829 2424 859 2469 et
872 2415 963 2472 varie·

174 2515 229 2575 tas,
243 2506 451 2580 multitudoque
472 2508 501 2563 in
523 2506 603 2562 omni
622 2524 729 2582 genere
749 2525 911 2580 causarum,
930 2520 963 2568 ut

176 2599 212 2657 ad
237 2618 301 2657 eam
328 2600 500 2672 doctrinam,
525 2619 611 2675 quam
638 2620 691 2658 suo
717 2601 837 2677 quisque
864 2606 962 2663 studio

177 2706 323 2754 assecutus
343 2706 428 2767 esset,
443 2696 645 2773 adjungeretur
666 2716 736 2754 usus
755 2697 897 2773 frequens,
912 2701 962 2772 qui

129 2804 161 2855 25
175 2794 302 2853 omnium
313 2793 512 2870 magistrorum
522 2805 666 2870 precepta
676 2804 828 2871 superaret.
869 2793 961 2850 Erant

176 2901 270 2950 autem
292 2890 359 2949 huic
379 2890 475 2949 studio
501 2890 634 2963 maxima,
655 2910 718 2967 quae
742 2909 821 2948 nunc
847 2908 961 2967 quoque

175 2998 251 3061 sunt,
272 2987 401 3065 exposita
425 2987 552 3067 praemia,
572 2988 617 3045 vel
645 2989 681 3047 ad
707 2988 839 3066 gratiam,
861 2986 962 3045 velud

176 3102 255 3161 opes,
282 3086 327 3143 rel
360 3085 395 3143 ad
428 3083 606 3165 dignitatern.
660 3084 784 3165 Ingenia
815 3106 882 3148 vero
915 3086 962 3167 (ut
