2167 3567
107 368 109 375 .
145 315 186 374 9⁰
465 321 508 372 nn
530 318 692 370 oaaroae
897 282 985 378 [urs

190 473 303 546 virtute,
319 492 354 533 an
368 475 510 551 voluptate
523 474 689 545 definiatur3
711 491 747 532 an
766 472 828 531 bec
848 470 924 531 inter
940 485 977 526 se

188 569 271 647 jungi
291 571 473 647 copularique
499 571 623 646 possint3
651 589 688 627 an
707 587 784 639 vero,
803 577 835 626 ut
854 567 977 642 quibus·

190 667 256 724 dam
271 667 372 738 visum,
390 667 460 724 nihil
481 677 591 724 certum
611 665 689 738 sciri,
709 665 779 722 nihil
798 664 883 739 plane
902 679 976 738 cog·

190 763 321 821 nesciet
346 763 455 839 percipi
480 763 586 839 possit:
613 779 731 836 quarum
757 777 851 844 rerum
878 758 973 815 fateor

160 869 324 936 omagnam
357 859 598 936 multiplicemque
629 877 692 915 esse
723 855 913 931 disciplinam,
940 862 973 909 et

191 955 304 1026 multas,
325 955 464 1030 copiosas,
485 955 631 1028 variasque
652 952 793 1021 rationes3
820 951 870 1008 sed
891 946 972 1006 aliud

191 1051 336 1126 quiddam,
349 1050 434 1127 longe
449 1049 534 1122 aliud,
545 1050 659 1120 Crasse,
670 1049 831 1124 querimus.
871 1045 972 1101 Acuto

192 1146 307 1204 homine
320 1145 403 1204 nobis
416 1164 487 1220 opus
500 1155 554 1216 est,
568 1155 597 1202 et
609 1146 711 1202 naturd
725 1161 833 1217 usuque
853 1139 970 1211 callido,

192 1241 241 1316 qui
265 1242 405 1318 sagaciter
427 1241 607 1317 pervestiget,
629 1240 695 1314 quid
718 1239 763 1296 sui
784 1237 871 1308 cites,
892 1235 971 1310 iique

147 1351 179 1402 10
193 1337 321 1396 homines
335 1337 436 1411 quibus
451 1337 555 1411 aliquid
569 1336 693 1392 dicendo
707 1334 877 1410 persuadere
890 1330 969 1401 velit,

192 1433 330 1510 cogitent,
345 1432 477 1503 sentiant,
490 1433 651 1508 opinentur,
665 1440 836 1507 exspectent.

231 1623 295 1682 Lll.
326 1622 440 1681 Teneat
459 1633 569 1700 oportet
587 1643 673 1681 venas
693 1622 830 1699 cujusque
846 1621 969 1699 generis,

194 1719 294 1790 etatis,
321 1718 445 1789 ordinis;
476 1729 505 1776 et
531 1735 639 1790 eorum,
665 1719 738 1794 apud
765 1734 836 1792 quos
863 1715 969 1792 aliquid

194 1825 268 1891 aget,
283 1824 331 1872 aut
350 1814 404 1873 erit
425 1797 549 1885 acturus,
563 1825 681 1886 mentes,
695 1831 850 1888 sensusque
870 1814 970 1890 degus-

149 1923 180 1974 15
193 1921 250 1970 tet:
270 1911 499 1986 philosophorum
522 1923 615 1968 autem
630 1911 717 1968 libros
729 1920 853 1967 reservet
865 1907 919 1966 sibi
934 1909 969 1967 ed

194 1999 387 2083 hujuscemodi
402 2006 561 2064 Tusculani
576 2007 699 2081 requiem
715 2017 798 2081 atque
810 2006 909 2076 otium,
922 2023 968 2077 ne,

193 2103 217 2160 ai
237 2103 351 2178 quando
370 2103 398 2159 ei
419 2102 571 2160 dicendum
591 2103 645 2160 erit
664 2103 700 2159 de
723 2102 834 2178 justitiis
852 2111 882 2158 et
902 2101 968 2174 lide,

193 2210 337 2256 mutuetur
357 2217 373 2256 a
390 2199 525 2268 Platone;
547 2198 606 2273 qui,
621 2217 687 2256 cum
707 2199 768 2255 lrte'c
788 2197 970 2274 exprimenda

193 2295 287 2352 verbis
320 2295 511 2365 arbitraretur,
537 2313 638 2353 novam
668 2295 807 2368 quandem
834 2294 914 2352 linxit
939 2293 968 2352 in

148 2403 181 2454 eo
194 2389 273 2448 libris
293 2391 452 2449 civitatem:
473 2408 564 2464 usque
583 2409 618 2447 eo
637 2389 694 2460 illa,
712 2407 774 2464 quse
793 2389 915 2448 dicenda
933 2388 968 2448 de

191 2486 301 2562 justitid
321 2487 447 2561 putabat,
469 2505 485 2543 a
505 2487 569 2543 vite
592 2485 799 2543 consuetudine
819 2496 847 2543 et
868 2505 884 2544 a
903 2488 969 2544 ciri·

193 2591 283 2639 tatum
304 2581 430 2638 moribus
451 2583 647 2639 abhorrebant.
686 2581 774 2642 Quod
788 2581 812 2638 si
826 2601 861 2639 ea
872 2584 970 2658 proba·

194 2687 292 2734 rentur
313 2677 341 2734 in
361 2677 473 2752 populis
494 2687 578 2752 atque
592 2677 621 2734 in
635 2677 812 2748 civitatibus3
833 2678 896 2754 quis
908 2679 968 2750 tibi,

195 2773 308 2844 Crasse,
328 2773 525 2844 concessisset,
547 2773 705 2831 clarissimo
723 2773 794 2846 viro,
812 2784 842 2831 et
862 2774 970 2850 amplis·

150 2885 182 2935 25
195 2871 267 2929 simo
285 2869 407 2946 principi
427 2869 559 2940 civitatis,
574 2880 605 2926 ut
619 2870 667 2928 illa
681 2870 836 2928 diceresin
849 2871 970 2928 maximi

196 2965 335 3024 concione
349 2975 459 3023 tuorum
474 2964 590 3037 civium,
601 2983 664 3040 que
677 2965 796 3024 dixisti?
835 2972 856 3004 ‘⁶
863 2966 970 3042 Eripite

195 3079 249 3120 nos
261 3079 297 3121 ex
310 3061 446 3133 miseriis3
467 3060 570 3138 eripite
588 3079 642 3120 nos
659 3079 696 3120 ex
717 3061 847 3122 lancibus
861 3081 969 3136 eoruu,
