2167 3567
105 321 133 368 l..
144 323 179 383 l.]
391 323 436 372 DE
456 323 620 372 ORATOR&
899 311 940 370 Π

105 469 226 542 tabulis,
248 471 424 547 antiquitatis
450 471 569 548 effigies,
590 471 716 548 quodfet
742 470 894 529 verborum

105 567 207 642 prisca
225 577 351 624 vetustas
371 568 564 644 cognoscitur,
577 580 608 625 et
623 567 769 626 actionum
788 584 894 645 genera
958 613 962 616 .

105 661 242 738 quadam
263 663 402 740 majorum
423 664 661 722 consuetudinem
684 664 827 739 vitamque
846 664 894 722 de·

105 758 238 816 clarent:
258 758 318 816 sive
338 759 402 834 quis
422 759 535 817 civilem
555 759 707 817 scientiam
723 759 895 836 contemple-

105 863 168 924 tur,
197 852 295 929 (quum
323 855 454 913 Scaevola
486 873 545 914 nou
577 865 659 931 putat
685 855 806 915 oratoris
830 863 925 913 osseo

106 948 265 1026 propriam,
280 949 330 1008 sed
351 951 498 1027 cujusdam
519 969 555 1008 ex
576 951 633 1009 alio
652 969 758 1028 genere
772 952 896 1028 pruden-

106 1048 184 1125 tias),
212 1056 300 1104 totam
327 1047 412 1119 banc,
435 1047 587 1124 descriptis
612 1047 746 1105 omnibus
771 1047 895 1106 civitatis

106 1143 282 1202 utilitatibus
310 1161 344 1200 ac
366 1144 505 1219 partibus,
529 1143 599 1202 XII.
623 1143 729 1202 tabulis
751 1144 895 1202 contineri

107 1239 236 1297 videbit:
265 1239 325 1297 sive
349 1257 433 1315 quem
455 1240 509 1298 ista
529 1241 689 1317 prepotens
712 1250 744 1298 et
770 1240 896 1318 gloriosa

106 1335 294 1413 philosophia
324 1334 459 1408 delectat,
490 1335 600 1412 (dicam
625 1336 777 1416 audacias)
806 1336 896 1394 hosce
910 1341 942 1392 10

107 1431 230 1490 babebit
251 1431 345 1490 sontes
368 1431 496 1490 omniurn
520 1431 744 1507 disputationum
768 1450 894 1505 suarum,

4 1583 5 1588 ,
106 1528 160 1604 qui
181 1527 246 1603 jure
267 1527 343 1586 civili
366 1537 395 1585 et
415 1527 527 1604 legibus
549 1526 741 1586 continentur.
782 1527 828 1586 Es
851 1527 896 1588 bis

107 1625 189 1682 enim
214 1634 243 1681 et
265 1623 435 1702 dignitatem
459 1624 582 1682 maxime
607 1625 796 1700 expetendam
819 1624 896 1682 vide·

108 1739 186 1792 mus,
208 1739 274 1778 cnm
298 1738 391 1791 verus,
416 1719 518 1796 justus,
542 1729 626 1795 atque
652 1720 790 1778 honestus
815 1721 896 1779 labor

108 1817 279 1889 bonoribus,
299 1816 432 1893 premiis,
452 1816 605 1892 splendore
630 1816 798 1888 decoratur·;
826 1817 896 1876 vitia
912 1817 943 1872 15

107 1924 208 1972 autem
232 1913 391 1986 hominum,
414 1922 498 1987 atquc
525 1912 649 1985 fraudes,
666 1913 793 1985 damnis,
815 1913 896 1991 igno-

107 2009 219 2080 miniis,
233 2008 366 2081 vinculis,
380 2008 557 2080 verberibus,
576 2008 694 2080 exsiliis,
711 2019 805 2066 morte
824 2009 896 2068 mul·

107 2117 224 2164 tantur:
251 2116 280 2163 et
300 2106 447 2176 docemur,
467 2122 526 2162 non
554 2104 683 2175 infinitis,
703 2105 896 2163 concertatio·

107 2221 238 2278 numque
260 2202 352 2278 plenis
376 2200 627 2276 disputationibus,
651 2200 702 2256 sed
726 2202 895 2259 anctoritate

107 2309 241 2374 nutuque
260 2298 366 2374 legum,
388 2297 508 2353 domitas
527 2295 634 2352 babere
653 2295 798 2367 libidines,
815 2301 896 2354 codr-
910 2301 944 2352 U

106 2413 179 2452 cere
203 2413 304 2460 ornnes
326 2393 508 2468 cupiditates,
527 2401 624 2449 rostra
645 2390 730 2465 tueri,
745 2391 781 2449 ab
791 2391 895 2452 alienis

108 2500 232 2561 mentes,
247 2489 357 2561 oculus,
371 2507 473 2546 murus
488 2488 639 2546 abstinere

147 2682 259 2740 XLIV.
294 2682 449 2740 Fremant‘
464 2699 566 2740 onmes
596 2682 675 2755 licet,
703 2681 798 2741 dicam
818 2683 895 2759 quod

103 2779 221 2838 sentio:
247 2779 439 2837 bibliothecas
467 2779 633 2836 mehercule
656 2780 785 2838 omnium
804 2779 896 2856 philo-

105 2877 264 2952 sophorum
291 2895 365 2933 nnus
397 2876 467 2934 mibi
493 2875 606 2933 videtur
638 2875 708 2933 XII.
735 2875 895 2934 tabularum
911 2878 944 2928 25

107 2972 234 3056 libellus,
255 2972 280 3030 si
301 2972 365 3047 quis
386 2973 482 3050 legum
502 2971 596 3030 fontes
617 2983 647 3031 et
667 2972 762 3049 capita
782 2971 893 3044 viderit,

108 3079 139 3127 et
166 3067 346 3130 auctoritatis
378 3069 504 3145 pondere
538 3079 568 3130 et
601 3068 733 3127 utilitatis
764 3067 894 3127 ubertate

346 3163 393 3223 7·
