2167 3567
160 314 218 382 ¹⁷2
476 327 520 374 nn
541 326 705 377 onumen.
901 328 986 388 [un

202 471 409 550 Neoptolemus
423 447 498 550 upud
516 473 653 546 Ennium,
673 473 817 551 “psueIs:
836 491 904 531 rrum
923 492 986 532 om·

201 566 272 627 nino
297 569 372 627 huud
395 571 516 645 plueel.”
568 571 627 629 Sed
649 581 744 628 tamen
768 569 830 628 llaeo
852 579 896 629 est
918 589 985 628 mes

202 666 353 737 sententis,
374 685 459 741 quam
486 667 600 724 videbor
626 665 799 741 exposuisse.
839 665 903 742 Ego
928 665 985 724 ists
1083 699 1084 706 κ

203 759 297 818 studia
310 780 366 818 non
378 761 515 836 improbo,
526 761 672 818 moderatu
685 760 770 818 modo
782 760 856 817 sint:
875 760 984 835 opinio·

171 867 269 916 ouem
289 857 406 914 istorum
427 857 596 927 studiorum,
610 865 640 913 et
652 856 844 931 suspicionem
859 856 982 928 ortilioii,

205 952 278 1027 apud
298 953 415 1028 eosqui
436 971 481 1010 res
505 952 645 1028 judicent,
665 951 771 1009 oratori
793 952 983 1009 adversarium

204 1065 266 1104 esse
282 1049 416 1106 arbitror:
438 1048 580 1106 imminuit
593 1048 670 1105 enim
683 1059 713 1106 et
725 1048 846 1104 oratoris
860 1048 983 1105 auotori-

204 1154 300 1216 tatem,
315 1155 343 1203 ot
356 1145 492 1202 orationis
505 1145 599 1203 fidem.

242 1336 415 1394 XXXVIII.
447 1336 622 1409 sedum
643 1348 801 1408 revocetur,
821 1337 898 1395 unde
924 1336 983 1394 hue

160 1441 190 1489 10
205 1432 366 1504 declinavit,
381 1433 481 1504 oratio,
496 1452 531 1490 ex
551 1433 640 1490 tribus
660 1433 722 1490 istis
741 1433 905 1491 eluriss'rmis
921 1432 983 1509 phi-

204 1528 339 1603 losophis,
360 1547 430 1602 quos
454 1528 578 1584 Romam
604 1529 715 1585 venisse
740 1527 846 1598 dixisti,
865 1527 983 1586 videsne

205 1623 363 1700 DIogenem
384 1622 479 1694 fuisse,
500 1623 549 1698 qui
572 1623 689 1694 dieeret,
711 1635 800 1681 urtem
821 1642 851 1680 se
870 1622 983 1681 trudere

204 1719 278 1776 bene
297 1718 471 1791 disserendi,
492 1729 520 1778 et
545 1737 613 1779 seru
638 1738 673 1776 ao
699 1719 770 1776 falsu
796 1718 981 1795 dijudicandi,
1082 1762 1083 1777 r

205 1833 289 1890 quom
309 1817 395 1872 verbo
414 1815 517 1874 Graeoo
538 1816 719 1886 Amlsmnlr
736 1815 907 1891 appelleretl
946 1814 982 1872 In

159 1918 189 1968 15
205 1902 260 1966 hod
281 1919 339 1966 arte
359 1907 397 1985 (si
418 1909 501 1966 modo
521 1919 565 1966 est
584 1908 646 1967 hmo
663 1911 722 1989 urs)
737 1909 846 1966 nullum
859 1919 901 1965 est
912 1925 983 1983 prm·

206 2016 330 2081 ceptum,
351 2023 406 2080 quo
427 2007 512 2062 modo
536 2022 636 2062 verum
657 2004 826 2076 invenietur,
850 2003 899 2060 sed
921 2014 982 2061 tun·

205 2110 265 2158 turn
288 2111 340 2171 est,
360 2119 416 2175 quo
443 2101 527 2157 modo
551 2100 702 2175 judicetur.
742 2098 818 2155 Nam
838 2109 867 2156 et
886 2117 981 2170 omne,

206 2197 281 2270 quod
302 2185 459 2270 eloquimur
480 2195 532 2265 sio,
548 2195 620 2251 ulid
635 2203 683 2252 out
702 2211 764 2251 esse
784 2193 913 2250 dieamus
934 2203 983 2250 uut

205 2311 263 2348 non
283 2311 355 2363 esse,
370 2291 435 2348 etsi
449 2290 614 2366 simpliciter
634 2290 742 2350 dietum
762 2290 807 2360 sit,
822 2289 982 2364 suscipiunt

158 2393 189 2443 20
205 2387 359 2457 dialectici,
381 2398 412 2444 ut
429 2387 569 2463 judicent,
590 2404 725 2442 verumne
744 2385 790 2457 sir,
806 2405 842 2442 uu
862 2386 982 2443 fulsum:

199 2495 234 2566 ¹et
247 2483 271 2540 si
285 2483 437 2558 conjuncte
457 2483 496 2539 sit¹
513 2483 629 2554 elatum,
643 2492 672 2538 et
688 2482 822 2557 adjuncta
840 2482 897 2539 sint
916 2482 982 2553 ulis,

204 2579 341 2656 judicent,
362 2591 477 2636 reetene
498 2578 633 2654 adjunolu
650 2577 724 2634 sint-2
744 2588 774 2634 et
786 2595 890 2634 verone
908 2595 984 2633 sum-

205 2694 252 2732 ma
272 2674 308 2732 sit
329 2673 552 2748 uniuscujusque
571 2673 705 2730 tutionis:
725 2683 754 2730 et
774 2673 808 2730 ud
825 2685 983 2730 extremum

206 2771 258 2847 ipsi
278 2789 309 2827 se
329 2780 525 2846 compungunt
544 2769 604 2826 suis
624 2769 812 2840 acuminibus,
832 2780 871 2842 et,
894 2769 983 2826 multu

158 2874 190 2923 25
206 2867 366 2942 quaerendo‚
381 2865 524 2941 reperiunt
544 2883 602 2922 non
623 2864 708 2921 modo
727 2884 762 2922 ea
780 2885 842 2940 qum
852 2865 911 2940 jum
924 2877 983 2923 non

205 2963 315 3037 possint
337 2960 390 3038 ipsi
418 2959 581 3031 dissolvere,
601 2961 651 3016 sed
677 2960 762 3017 etiam
788 2961 891 3035 quibus
917 2971 984 3018 ante

206 3075 316 3130 exorsa,
330 3056 463 3133 etpolius
476 3055 590 3114 detexta
601 3073 698 3132 prope,
713 3065 882 3114 retexuntur.
922 3055 984 3114 Hio
