2167 3567
474 318 518 367 nc
539 317 705 366 cranone.
914 314 954 375 [ι.
966 315 986 361 r.

197 467 222 526 si
247 464 320 538 aliis,
343 466 431 525 etiam
456 466 569 539 obesse,
593 486 660 527 cum
686 465 783 524 minus
806 463 918 524 idoneis
940 462 987 521 uti

199 580 426 621 consuescerem.
468 562 573 621 Postea
591 563 663 621 mihi
682 563 800 639 placuit,
814 580 906 637 eoque
920 550 987 619 sum

198 677 266 717 usus
281 658 458 730 adolescens,
472 668 504 716 ut
517 678 691 718 nummorum
706 669 851 715 oratorum
866 658 990 714 Graecas

198 742 343 826 orationes
370 755 559 833 explicarem
590 755 696 830 quibus
720 754 804 812 lectis
829 754 886 812 hoc
911 771 990 810 asse-

142 846 145 852 ’
167 860 183 907 5
198 851 315 924 quebar,
329 861 371 921 ut,
386 868 509 921 cumea,
525 871 588 926 que
607 852 732 927 legerem
752 852 868 921 Graece,
881 849 988 907 Latine

198 946 357 1018 redderem,
378 966 436 1004 non
457 948 550 1004 solum
577 947 692 1022 optimis
713 947 805 1004 verbis
829 957 936 1017 uterer,
956 954 988 1001 et

198 1052 294 1101 tamen
316 1044 437 1116 usitatis,
458 1044 507 1103 sed
529 1045 615 1101 etiam
639 1043 826 1119 exprimerem
853 1043 987 1117 quaedum

199 1142 284 1199 verbu
304 1141 454 1213 imitando,
474 1160 536 1216 quae
556 1159 632 1198 nova
650 1140 757 1197 nostris
778 1150 884 1209 essent,
904 1139 989 1195 dum·

199 1238 285 1295 modo
306 1248 401 1295 essent
422 1238 533 1294 idonea.
575 1236 641 1294 Jam
662 1237 751 1306 vocis,
766 1246 795 1292 et
815 1235 940 1311 spiritale,
956 1244 988 1291 et

153 1340 184 1389 10
199 1334 287 1391 totius
307 1334 445 1408 corporis,
458 1344 486 1390 et
505 1332 595 1409 ipsius
615 1334 720 1409 lingue
740 1343 835 1389 motus
856 1342 890 1389 et
905 1350 988 1388 exer-

199 1429 361 1501 citationes,
377 1440 505 1486 nontam
522 1430 589 1485 artis
608 1428 746 1505 indigent,
762 1447 846 1505 quam
860 1427 986 1497 laboris,

199 1525 302 1599 quibus
330 1525 359 1581 in
383 1526 468 1582 rebus
492 1524 624 1581 habenda
650 1536 693 1581 est
721 1525 793 1582 ratio
820 1524 986 1600 diligenter,

198 1639 269 1695 quos
296 1620 449 1692 imitemur,
478 1639 600 1695 quorum
626 1621 734 1678 similes
760 1621 881 1677 velimus
911 1640 985 1679 esse.

198 1716 333 1773 Intuendi
360 1717 443 1773 nobis
459 1719 536 1774 'sunt
563 1736 621 1773 non
649 1718 741 1774 solum
770 1728 905 1787 oratores,
933 1716 987 1773 sed

153 1820 183 1869 15
200 1812 285 1869 etiam
308 1822 428 1885 actores,
443 1833 479 1870 ne
494 1814 567 1871 meld
589 1814 797 1871 consuetudine
812 1814 845 1870 ad
863 1814 987 1887 aliquam

200 1908 408 1967 deformitatem
438 1910 662 1985 pravitatemque
688 1910 843 1967 veniamus.
897 1910 989 1967 Exer-

201 2005 293 2062 cenda
310 2020 353 2063 est
371 2006 456 2063 etiam
477 2006 625 2076 memoria,
640 2006 803 2063 ediscendis
818 2006 853 2063 ad
869 2007 986 2063 verbum

201 2120 285 2175 quam
319 2102 448 2178 plurimis
477 2112 506 2159 et
538 2102 645 2159 nostris
677 2103 791 2177 scriptis
817 2111 847 2159 ct
874 2102 985 2162 alienis.

201 2198 297 2273 Atque
331 2198 360 2257 iu
394 2199 429 2255 ed
462 2198 667 2256 exercitatione
705 2217 763 2253 non
784 2236 787 2241 -
805 2217 875 2255 sane
914 2198 985 2255 mihi

152 2306 184 2356 20
201 2294 333 2370 displicet
367 2294 512 2365 adhibere,
540 2294 565 2351 si
595 2293 753 2364 consueris,
781 2294 867 2351 etiam
902 2295 986 2351 istam

201 2390 328 2449 locorum
349 2390 625 2464 simulacrorumque
640 2390 789 2461 rationem,
804 2410 867 2464 quae
881 2390 910 2447 in
927 2401 987 2447 arte

200 2486 330 2546 traditur.
383 2485 543 2543 Educenda
565 2486 669 2543 deinde
693 2486 782 2543 dictio
806 2497 848 2543 cst
873 2505 909 2546 ex
931 2487 987 2543 hac

201 2580 359 2638 domesticd
380 2582 585 2657 exercitatione
599 2592 628 2639 et
641 2582 797 2654 umbratili,
810 2582 936 2640 medium
956 2582 986 2640 in

202 2696 314 2754 agmen,
337 2676 367 2733 in
393 2678 548 2752 pulverem,
576 2677 605 2735 in
633 2678 800 2750 clamorem,
824 2678 855 2736 in
882 2690 985 2751 castra,

152 2789 184 2838 25
202 2788 285 2849 atque
306 2774 335 2833 in
357 2774 448 2832 aciem
469 2774 629 2833 forensem:
654 2775 821 2833 subeundus
841 2794 910 2833 usus
928 2795 988 2833 om·

200 2872 291 2943 nium,
325 2881 354 2927 et
386 2870 582 2945 periclitandae
615 2872 689 2928 vires
722 2872 848 2949 ingenii3
883 2881 913 2928 et
939 2872 987 2930 illa

201 2966 405 3025 commentatio
420 2966 531 3024 inclusa
545 2966 575 3023 in
589 2968 714 3025 veritatis
727 2969 822 3028 lucem
842 2969 988 3044 proleren·

200 3063 239 3123 da
264 3073 316 3122 cst
370 3062 500 3142 Legendi
532 3062 620 3123 etiam
652 3067 756 3141 poete,
783 3065 988 3143 cognoscenda
