2167 3567
127 345 208 406 an]
408 349 450 398 nn
472 350 635 398 onaroan.
896 335 954 396 loa

127 503 160 550 ut
179 494 369 553 adversarium
390 506 496 555 attente
516 497 675 569 audiamus,
690 506 775 573 atque
793 508 825 556 nt
844 497 906 574 ejus

127 607 185 646 non
208 591 300 648 solum
324 593 488 665 sententias,
512 593 562 650 sed
589 594 676 651 etiam
698 595 783 652 verba
809 594 908 654 omnia

126 686 312 761 excipiamus,
326 688 419 746 vultus
435 689 559 764 denique
577 690 783 765 perspiciamus
795 709 906 762 omnes,

126 782 173 858 qui
194 801 298 866 sensus
314 783 401 840 animi
421 784 588 860 plerumque
607 785 745 857 indicant,
758 786 908 863 diligentia

126 888 185 935 est:
207 878 236 935 id
256 890 351 936 tamen
372 879 582 938 dissimulanter
604 883 708 954 lacere,
726 901 764 941 ne
783 882 838 940 sibi
858 882 938 940 ille5

127 973 234 1048 aliquid
247 975 385 1050 prolioere
400 977 537 1048 rideatur,
552 978 704 1053 prudentia
722 987 780 1036 est:
801 979 906 1036 deinde

125 1081 157 1128 ut
177 1071 206 1127 in
227 1071 262 1128 iis
281 1071 363 1142 loeis,
384 1091 456 1147 quos
475 1091 633 1148 proponam
652 1075 736 1150 paulo
755 1085 828 1150 post,
841 1092 905 1149 per-

125 1167 250 1224 volvatur
262 1167 381 1238 animus,
393 1178 424 1225 ut
435 1187 464 1225 se
475 1169 589 1244 penitus
603 1169 727 1227 insinuet
738 1170 767 1227 in
779 1189 905 1243 eausam,

125 1272 156 1318 nt
170 1261 206 1318 sit
221 1263 290 1318 ouri
304 1271 333 1318 et
347 1263 520 1339 oogitatione
535 1263 670 1336 intentus,
685 1265 832 1342 diligentia
845 1276 904 1323 est:

124 1367 156 1414 ut
177 1357 221 1414 his
241 1359 326 1416 rebus
348 1359 488 1431 adhibeat,
509 1369 644 1434 tanquam
663 1361 760 1418 lumen
781 1361 904 1436 aliquod,
921 1369 952 1422 10

124 1454 300 1526 memoriam,
315 1465 466 1525 atrocem,
479 1466 509 1513 ut
519 1457 593 1514 vires
609 1454 684 1532 [heo
697 1474 802 1534 magna
814 1459 902 1537 sunt]

57 1545 59 1552 '
123 1547 202 1606 Inter
223 1549 369 1626 ingenium
386 1549 500 1625 quidem
514 1561 543 1607 et
556 1551 743 1626 diligentiam,
757 1553 905 1628 perpaulu-

124 1643 182 1702 lum
209 1645 266 1702 looi
293 1645 432 1720 reliquum
459 1657 501 1704 est
529 1647 589 1704 arti.
643 1648 701 1705 Ars
730 1648 905 1706 demonstrat

124 1751 244 1812 tantum,
265 1741 314 1799 ubi
341 1760 459 1816 quaeras,
481 1753 566 1818 atque
589 1743 638 1800 ubi
663 1744 701 1802 ait
726 1744 807 1816 illud,
827 1745 904 1820 quod

124 1837 239 1894 studeas
265 1836 408 1908 invenire3
436 1838 547 1913 reliqua
569 1849 637 1896 sunt
657 1839 686 1897 in
708 1840 788 1911 euri,
816 1849 951 1900 alten-15

123 1932 201 1991 tione
222 1933 318 2004 animi,
339 1933 521 2010 oogitatione,
548 1935 705 2010 vigilantii,
730 1935 904 2007 assiduitate,

123 2028 235 2098 labore3
257 2029 429 2105 eompleotar
444 2049 501 2088 uno
516 2031 612 2101 verbo,
626 2049 684 2104 quo
697 2050 771 2106 sepe
787 2031 845 2106 jam
860 2031 905 2090 usi

123 2141 231 2194 sumus,
246 2123 411 2200 diligentia3
432 2123 488 2198 qui
510 2125 567 2182 und
587 2124 690 2182 virtute
708 2143 807 2182 omnes
820 2124 905 2182 virtu·

123 2228 166 2276 tes
180 2218 294 2295 reliquae
314 2219 505 2277 eontinentur,
546 2220 622 2278 Nam
639 2219 777 2277 orationis
789 2219 905 2294 quidem

123 2315 206 2391 eopia
234 2315 360 2374 videmus
381 2325 413 2374 ut
433 2315 578 2374 abundent
602 2314 773 2390 philosophi,
793 2313 852 2389 qui,
873 2326 904 2374 at
918 2327 950 2378 ὓ)

123 2409 234 2485 opinor,
249 2409 313 2488 (sed
332 2421 364 2469 tu
384 2411 455 2484 heo,
474 2411 587 2482 Catule,
602 2411 716 2490 melius)
737 2410 817 2470 nulla
835 2410 904 2469 dant

122 2515 264 2581 precepta
283 2505 409 2578 dioendi,
431 2524 486 2564 nee
505 2505 616 2564 ideireo
635 2505 739 2578 minus,
762 2525 904 2581 quaecum·

123 2619 180 2676 que
199 2621 243 2659 res
262 2602 406 2679 proposita
419 2612 471 2673 est,
487 2601 655 2678 suscipiunt,
669 2602 706 2659 de
719 2602 775 2677 qua
788 2603 903 2678 eopiosa

122 2705 152 2756 et
165 2683 341 2757 abundanter
355 2698 523 2774 loquantur,

162 2888 307 2948 xxxvi.
337 2889 414 2948 Tum
434 2890 565 2962 catulus,
581 2889 644 2962 nst,
659 2844 805 2964 inquiant
818 2888 901 2962 rios,
914 2898 947 2948 a

123 2985 243 3058 Antoni,
257 2996 289 3044 ut
301 2985 429 3063 plerique
441 2985 604 3064 philosophi
616 2985 696 3044 nulla
707 2985 821 3044 tradant
831 3004 902 3064 pre·

357 3082 393 3139 15
