2167 3567
142 294 181 354 84
464 313 507 360 un
530 314 693 360 onaronu.
899 315 940 374 [a.
953 315 977 360 1.

188 454 244 512 uisi
258 456 298 516 ita
311 458 473 532 prudenter,
488 470 519 518 ut
533 461 678 518 nemiuem
694 460 819 520 nostrum
832 461 976 536 poeuiteat

189 553 224 609 ad
238 552 315 610 hunc
328 565 357 610 te
370 572 531 612 sermonem
545 555 699 630 impulisse.

227 649 291 725 Ego
305 669 381 721 vere,
396 651 496 725 inquit,
510 670 644 728 pergam:
666 662 694 708 et
715 651 743 708 id
764 641 876 723 faciam,
889 654 973 727 quod

188 744 217 802 in
242 745 386 821 principio
419 747 480 822 lieri
507 748 537 804 iu
564 748 696 804 omnibus
729 748 972 822 disputationibus

156 842 317 916 5oportere
338 861 451 913 censeo,
473 857 514 914 ut,
534 843 604 920 quid
623 843 693 900 illud
713 843 759 913 sit,
780 843 891 918 dequo
911 845 972 900 dis-

186 948 309 1012 putetur,
323 938 489 1014 explanetur
498 959 505 1009 ;
527 958 564 996 ne
578 939 673 1015 vagari
686 949 715 996 et
735 957 829 997 errare
849 951 971 1015 cogatur

187 1033 286 1102 oratio,
301 1033 325 1090 si
346 1035 375 1104 ii,
389 1035 438 1109 qui
459 1035 531 1092 inter
551 1053 582 1092 ae
602 1035 796 1106 dissenserint,
811 1052 869 1091 non
890 1035 969 1092 idem

186 1147 248 1186 esse
269 1128 348 1200 illud,
370 1131 482 1204 quode
504 1131 607 1207 agitur,
627 1131 805 1207 intelligant„
834 1131 921 1201 Nam,
941 1131 969 1188 si

186 1225 259 1282 forte
291 1237 472 1300 quareretur,
499 1247 563 1302 quae
594 1239 669 1286 esset
702 1247 747 1285 ars
778 1227 967 1302 imperatoris,

142 1330 171 1380 10
186 1321 416 1380 constituendum
450 1334 579 1398 putarem
611 1323 763 1399 principio,
796 1323 859 1398 quis
890 1334 969 1382 esset

186 1416 353 1492 imperator:
381 1417 430 1491 qui
450 1437 516 1474 cum
536 1435 612 1475 esset
635 1419 806 1477 constitutus
834 1419 970 1475 adminis-

186 1521 273 1570 trator
292 1512 407 1586 quidam
428 1513 494 1583 belli
516 1515 644 1589 gerendi,
664 1526 725 1572 tum
748 1515 968 1590 adjungeremus

186 1607 222 1664 de
242 1607 378 1678 exercitu,
394 1608 429 1664 de
450 1608 561 1679 castris,
576 1609 612 1666 de
633 1609 802 1684 agminibus,
817 1609 854 1665 de
873 1609 967 1685 signo-

186 1721 249 1760 rum
270 1702 479 1775 collationibus,
501 1705 536 1762 de
557 1704 724 1780 oppidorum
748 1705 968 1781 oppugnationi-

141 1809 171 1856 15
187 1799 247 1869 bus,
270 1799 305 1856 de
326 1810 496 1872 commeatu,
517 1801 554 1856 de
580 1800 692 1857 insidiis
718 1800 856 1858 faciendis
882 1811 967 1876 atque

186 1894 319 1965 vitandis,
338 1894 374 1950 de
395 1895 511 1972 reliquis
531 1896 626 1967 rebus,
646 1915 708 1972 quae
728 1905 824 1952 essent
845 1896 968 1972 propriae

186 1989 252 2047 belli
268 1990 498 2061 administrandi;
519 2010 638 2066 quarum
657 1992 705 2067 qui
719 2001 814 2048 essent
828 1991 923 2048 animo
937 2003 967 2051 et

186 2084 307 2144 scientia
322 2098 477 2160 compotes,
488 2105 536 2144 eos
550 2107 612 2144 esse
627 2087 810 2161 imperatores
823 2086 964 2158 dicerem;

186 2191 337 2258 utererque
351 2182 487 2258 exemplis
500 2183 703 2240 Africanorum
716 2193 745 2239 et
758 2180 964 2252 Maximorum

139 2284 170 2332 20
186 2276 414 2352 Epaminondam
447 2289 530 2354 atque
552 2278 766 2350 Hannibalem,
795 2289 879 2354 atque
904 2277 977 2353 ejus-

186 2373 300 2449 generia
319 2373 458 2446 homines,
479 2375 662 2433 nominarem.
704 2375 756 2432 Sin
777 2385 872 2432 autem
892 2395 967 2449 quc·

186 2486 322 2540 reremus,
349 2469 413 2544 quis
445 2480 519 2526 esset
545 2471 579 2541 is,
605 2471 663 2546 qui,
693 2470 728 2528 ad
761 2470 966 2545 rempublicam

186 2564 397 2635 moderandam,
425 2584 507 2622 nsum
538 2576 567 2622 et
599 2566 747 2622 scientiam
779 2576 809 2628 et
841 2565 965 2622 studium

187 2677 269 2716 suum
285 2659 473 2730 contulisset,
501 2659 648 2716 definirem
682 2660 738 2718 hoc
770 2662 871 2719 modo:
906 2661 964 2737 qui,

138 2771 171 2821 25
187 2754 290 2830 quibus
309 2754 394 2811 rebus
414 2755 521 2812 utilitas
541 2755 705 2830 reipublice
723 2767 868 2832 pararetur
882 2775 966 2834 auge·

186 2860 329 2925 retorque,
343 2859 463 2922 teneret,
484 2850 575 2932 iisque
596 2861 736 2922 uteretur;
757 2851 836 2910 hunc
855 2852 967 2930 reipub»

186 2947 251 3006 linae
270 2956 419 3019 rectorem,
431 2956 461 3003 et
474 2946 588 3005 consilii
607 2946 716 3023 publici
736 2957 891 3020 auctorem,
904 2967 966 3006 asae

188 3041 366 3114 habendum3
392 3041 633 3121 praedicaremque
654 3041 687 3102 P.
708 3042 874 3117 Lentulum,
892 3044 966 3122 prin·
