2167 3567
141 282 181 343 66
462 294 505 341 us
528 287 691 339 ouaroan.
904 288 974 349 [ur.

186 460 291 512 rernm,
320 442 349 500 in
376 441 426 499 tua
447 442 604 517 prudentii
637 441 763 498 sciebam
797 440 908 497 inesse:
943 438 975 495 in

186 539 304 595 oratoris
319 557 386 596 vero
406 539 596 595 instrumento
616 548 674 596 tam
690 538 796 595 lautam
810 535 976 611 supellecti-

187 634 243 691 lem
257 654 401 710 nunquam
415 634 549 692 videram.

226 729 311 788 Potes
332 731 428 808 igitur,
443 732 535 806 inquit
555 732 686 802 Crassus,
702 729 748 806 (ut
769 730 825 789 alia
841 729 975 787 omittam

156 837 172 884 5
188 826 407 885 innumerabilia
421 839 449 884 et
463 828 612 898 immensa,
626 839 655 885 et
669 828 704 885 ad
718 828 811 904 ipsum
825 838 907 885 tuum
925 826 975 901 jns

187 923 271 980 civile
292 924 428 1002 venian)
444 937 569 983 oratores
589 935 688 1000 putere
708 942 768 995 eos,
784 944 855 998 qnos
868 923 975 981 multas

188 1020 271 1076 horas
292 1020 475 1095 exspectavit,
496 1039 562 1077 cum
583 1020 613 1077 in
635 1039 768 1096 campum
794 1031 973 1095 properaret,

187 1116 325 1173 stridens
343 1126 372 1173 ct
392 1116 575 1177 stomachans
595 1116 733 1186 Scaevola,
747 1134 814 1174 curn
829 1115 974 1191 Hypseus

187 1213 311 1285 maximi
344 1232 424 1284 voce,
453 1212 582 1289 plurimis
614 1212 718 1282 verbis,
746 1231 763 1269 e
789 1210 830 1268 M.
865 1213 974 1269 Crasso

142 1325 171 1373 10
186 1321 306 1385 praetore
334 1310 529 1380 contenderet,
558 1320 590 1367 ut
614 1309 653 1380 ei,
680 1327 765 1383 quern
788 1308 973 1379 defendebat,

187 1406 274 1462 causti
289 1406 391 1462 cadere
406 1404 521 1474 liceret;
544 1405 599 1462 Cn.
615 1415 709 1462 autem
723 1404 871 1475 Octavius,
886 1404 973 1461 borno

187 1500 355 1570 consularis,
370 1518 427 1556 non
443 1499 537 1557 minus
557 1500 645 1576 longi
663 1501 794 1557 oratione
813 1511 973 1570 recusaret,

187 1614 224 1652 ne
246 1595 421 1661 sdversarius
439 1596 528 1653 causi
550 1596 725 1666 caderetac
743 1615 780 1654 ne
798 1596 832 1667 is,
846 1615 973 1671 proquo

187 1692 246 1767 ipse
271 1692 389 1762 diceret,
414 1691 489 1767 turpi
518 1692 614 1749 tutelae
637 1692 759 1768 judicio,
785 1702 869 1767 atque
891 1693 972 1750 omni

141 1803 171 1851 15
187 1788 326 1857 molestis,
347 1788 467 1845 stultitia
492 1788 656 1860 adversarii,
676 1789 864 1850 liberaretur?
905 1789 972 1865 Ego

186 1902 253 1947 vero
273 1884 353 1957 istos,
375 1884 475 1959 inquit,
499 1884 629 1960 (memini
657 1885 733 1941 enim
761 1885 832 1943 milri
854 1904 973 1943 narrare

186 1978 342 2059 Mucium‚)
355 1999 412 2038 non
425 1981 511 2037 modo
523 1980 644 2039 oratoris
658 1981 783 2053 nomine,
794 1982 844 2038 sed
859 2000 896 2039 ne
909 1981 972 2039 soro

185 2076 300 2150 quidem
321 2076 424 2153 dignos
444 2076 576 2152 putririm.
617 2075 708 2151 Atqui
728 2096 786 2133 non
806 2077 897 2135 defuit
914 2077 973 2135 illis

183 2172 322 2247 patronis,
344 2173 434 2247 inquit
461 2172 592 2245 Crassus,
616 2173 787 2247 eloquentia,
810 2192 902 2248 neque
929 2173 972 2231 di·

139 2284 172 2335 ω
187 2269 271 2325 cendi
286 2269 359 2327 ratio
374 2280 422 2326 aut
435 2269 526 2345 copie,
541 2269 592 2327 sed
610 2269 681 2345 juris
695 2268 788 2326 civilis
800 2269 970 2344 prudentia:

184 2365 259 2440 quod
288 2365 358 2422 alter
385 2365 457 2441 plus,
486 2366 550 2441 lege
584 2366 706 2441 agendo,
732 2366 857 2440 petebat,
882 2385 969 2440 quarn

84 2482 89 2493 ·
140 2452 143 2459 ’
185 2471 323 2535 quantum
343 2461 390 2517 lex
410 2460 439 2518 in
460 2460 528 2518 XII.
551 2461 655 2519 tabulis
681 2461 864 2536 permiserat3
893 2462 969 2536 quod

185 2576 251 2614 cum
273 2556 462 2632 impetrirsset‚
484 2558 572 2615 causti
592 2558 724 2627 caderet;
747 2558 816 2615 alter
839 2558 970 2633 iniquum

183 2652 302 2728 putabat
328 2652 391 2728 plus
418 2671 515 2709 secum
545 2653 601 2729 agi,
628 2672 712 2727 qnam
746 2654 823 2728 quod
850 2666 912 2712 erat
939 2655 970 2713 in

139 2771 171 2819 ᾖ
186 2748 315 2817 actione;
338 2766 432 2823 neque
453 2747 641 2825 intelligebat,
661 2749 686 2806 si
704 2750 747 2807 ita
765 2760 842 2807 esset
862 2760 969 2824 actum,

184 2847 263 2904 litem
278 2846 469 2903 adversarium
482 2846 669 2922 perditurum.

224 3040 384 3101 xxxvn.
410 3040 513 3103 curat
540 3039 586 3099 aa
611 3033 844 3117 praetenero,
863 3023 971 3117 amne,
