2167 3567
130 314 189 376 lto
241 359 244 366 .
449 325 492 373 ou
515 325 678 372 oarroaa.
813 386 816 390 A
878 299 959 388 [du

173 490 220 530 me
233 489 347 546 quoque
361 471 415 530 sibi
429 472 597 549 magistrum
617 473 753 532 futurum.
793 473 851 532 vix
866 494 958 534 annus

174 567 373 639 intercesserat
388 569 422 626 ab
436 569 492 626 hoo
505 587 635 645 sermone
655 571 862 628 cohortationis
875 591 956 643 mee,

174 681 241 720 oum
268 663 321 720 iste
349 664 494 722 aoousarit
520 664 555 722 C.
579 665 761 737 Norbanum,
785 666 958 724 defendente

173 777 228 820 nra.
268 757 338 816 Non
358 770 401 816 est
422 759 570 831 credibile,
584 761 653 835 quid
673 761 811 821 interesse
831 762 901 820 mibi
919 764 958 821 sit

143 853 264 914 brisum
285 854 359 928 inter
379 875 445 912 eum
464 856 512 932 qui
533 868 593 914 tum
610 868 681 928 erat,
694 868 724 914 et
737 859 785 932 qui
800 878 876 916 anno
889 870 957 916 onte

172 949 273 1008 fuerat.
326 950 454 1008 Omnino
481 952 510 1011 in
538 953 608 1010 illud
635 973 726 1030 genus
758 973 825 1010 eum
858 954 956 1012 Crassi

172 1045 357 1122 magnifieum
378 1056 461 1123 atque
481 1048 648 1122 preclarum
669 1058 770 1106 natura
790 1049 851 1124 ipsa
868 1049 956 1106 duoe-

173 1140 237 1199 bat:
262 1142 312 1198 sed
336 1161 370 1200 ea
393 1162 449 1200 non
473 1143 541 1200 satis
564 1145 704 1218 proficere
727 1145 875 1221 potuisset,
899 1145 953 1202 nisi

172 1237 273 1296 eodem
293 1238 388 1296 studio
403 1239 660 1314 atqueimitatione
674 1240 854 1312 intendisset,
869 1251 955 1316 atque

128 1351 158 1400 1⁰
173 1332 213 1390 ita
232 1333 329 1392 dioere
349 1334 525 1406 consuesset,
547 1346 578 1393 ut
597 1337 658 1393 toti
684 1346 780 1394 mente
807 1337 954 1412 Crassum,

173 1438 256 1504 atque
270 1431 348 1488 omni
363 1430 468 1502 auimo,
484 1431 650 1491 intueretur.

210 1621 310 1681 XXII.
341 1621 419 1699 Ergo
446 1623 501 1681 hoo
527 1623 565 1680 sit
596 1623 719 1699 primum
747 1625 776 1682 in
803 1625 954 1702 preceptis

171 1717 252 1788 meis,
276 1727 308 1774 ut
334 1718 571 1789 demonstremus,
596 1739 680 1794 quem
708 1719 954 1794 imitetur,·atque

171 1813 220 1884 ita,
236 1822 275 1884 ut,
291 1832 354 1887 quae
368 1814 489 1871 maxime
509 1815 651 1872 excellant
672 1815 701 1873 in
715 1834 751 1872 eo
764 1834 848 1891 quem
862 1816 955 1874 imita·

127 1923 158 1974 15
171 1910 255 1983 bitur,
267 1930 302 1968 ea
311 1910 527 1988 diligentissime
537 1923 737 1988 persequatur:
759 1923 819 1970 tum
834 1913 954 1971 accedat

171 2007 347 2078 exercitatio,
362 2008 417 2082 qud
439 2009 528 2079 illum,
543 2028 628 2084 quem
650 2020 715 2066 ante
729 2010 876 2086 delegerit,
891 2010 954 2067 imi·

170 2103 258 2160 tando
278 2103 402 2180 effingat,
418 2115 502 2179 atque
523 2105 736 2181 itaexprimat3
758 2124 816 2163 non
837 2117 869 2163 ut
882 2106 954 2162 mul·

170 2210 216 2257 tos
242 2200 396 2258 imitatores
422 2219 497 2276 saepe
524 2202 657 2278 cognovi,
681 2201 730 2277 qui
757 2212 806 2259 aut
831 2221 866 2258 eu
889 2221 953 2276 quie

171 2294 267 2353 faoilia
286 2306 362 2368 suat,
378 2307 426 2354 aut
446 2297 532 2356 etiam
547 2297 595 2354 ilia
609 2317 671 2371 qma
686 2297 810 2374 insignia
822 2317 856 2354 ao
869 2317 953 2373 paene

125 2401 157 2452 20
170 2392 282 2466 vitiosa,
304 2405 507 2452 consectantur
535 2395 681 2452 imitando
735 2395 817 2455 Nihil
843 2406 888 2454 est
914 2397 954 2454 sa·

170 2488 264 2562 uilius,
285 2507 369 2565 quam
392 2490 528 2549 amictum
548 2490 654 2548 imitari
678 2491 808 2566 aiicujus,
830 2502 878 2550 aut
897 2503 954 2550 sta·

169 2593 240 2656 tum,
256 2595 304 2641 aut
318 2581 433 2643 motum.
475 2586 507 2644 Si
522 2603 589 2644 vero
600 2586 686 2644 etiam
700 2586 831 2644 vitiosum
846 2587 952 2662 aliquid

169 2689 222 2752 est,
237 2680 266 2737 id
286 2698 408 2752 sumere,
424 2691 452 2738 et
466 2682 495 2738 in
510 2701 546 2738 eo
559 2682 690 2739 vitiosum
710 2701 782 2753 esse,
796 2701 854 2740 non
875 2702 954 2761 mag·

168 2793 237 2835 num
258 2785 310 2848 est,
325 2786 363 2834 ut
384 2777 441 2848 ille,
463 2778 510 2852 qui
533 2778 727 2848 nuncetiam,
749 2779 852 2835 amissi
872 2798 951 2851 roae,

124 2883 155 2934 π
170 2870 237 2928 furit
263 2871 293 2928 in
320 2872 468 2947 republiod
501 2873 616 2944 Furius,
642 2892 745 2937 nervos
771 2874 800 2930 iu
828 2874 953 2931 dicendo

168 2965 204 3024 C.
225 2967 369 3040 Fimbriae,
390 2985 462 3044 quos
482 2979 578 3026 tamen
598 2969 697 3026 habuit
715 2969 773 3039 ille,
794 2988 851 3029 non
878 2987 953 3026 asse-

169 3063 273 3140 quitur,
288 3063 346 3122 oris
365 3064 532 3140 pravitatem
554 3074 583 3122 et
603 3066 754 3124 verborum
771 3063 952 3124 latitudinem
