2167 3567
118 267 148 329 i.
160 272 196 342 a]
408 279 451 332 uu
472 282 635 330 ouanons.
914 271 956 330 83

117 432 250 502 videtur,
262 430 354 507 inquit
368 431 529 509 Sulpicius:
551 422 627 503 narn,
641 431 770 490 Antonio
783 431 909 503 dicente,

117 529 213 585 etiam
228 529 296 603 q'uid
309 539 340 585 tu
355 529 470 600 sentias,
485 529 685 605 intelligemus.
726 528 797 586 Peto
811 528 908 604 igitur,

117 623 220 698 inquit
240 623 369 695 Crassus,
389 643 406 682 a
425 635 462 696 te,
477 627 612 700 quoniam
633 625 662 681 id
681 626 772 695 nobis,
787 624 908 695 Antoni,

117 720 291 777 hominibus
305 721 333 777 id
348 721 447 792 aetatis,
464 721 560 778 oneris
574 722 610 778 ab
623 721 723 778 horum
746 721 909 778 adolescen-

116 817 197 874 tium
218 816 322 873 studiis
341 816 505 892 imponitur,
522 827 554 874 ut
574 835 708 892 exponas,
729 817 796 891 quid
816 818 852 875 iis
871 818 938 875 de5

116 913 221 984 rebus,
236 922 305 988 quas
320 931 337 970 a
349 922 378 969 te
391 913 479 988 quaeri
495 912 584 984 vides,
598 913 713 970 sentias.

164 1104 303 1162 XLVIII.
328 1105 545 1181 Deprehensum
574 1105 706 1180 equidem
732 1093 788 1176 uie,
816 1105 908 1181 inquit

118 1201 281 1272 Antonius,
302 1202 386 1278 plane
406 1202 488 1258 video
510 1215 593 1277 atque
615 1202 716 1273 sentio,
737 1221 794 1260 non
814 1204 907 1259 solum

16 1309 17 1338 ³
117 1297 201 1372 quod
221 1297 453 1372 tta-requiruntur
467 1317 484 1354 a
497 1316 553 1369 me,
567 1317 686 1373 quorum
707 1317 770 1355 sum
791 1297 907 1374 ignarus
942 1294 945 1305 '

121 1405 211 1468 atque
233 1393 367 1465 insolens,
389 1395 438 1451 sed
466 1394 542 1468 quia,
564 1394 639 1469 quod
660 1395 689 1452 in
710 1394 805 1452 oausis
825 1395 906 1452 ualde
921 1401 953 1450 lt)

16 1525 17 1550 r
120 1491 225 1566 sugere
243 1489 333 1561 soleo,
354 1508 390 1547 ne
410 1490 607 1562 tibi,Crasse,
628 1493 791 1563 sueoedarn,
811 1491 839 1549 id
859 1511 906 1550 me

120 1604 204 1643 nuno
225 1586 271 1644 isti
289 1586 387 1644 vitare¹
398 1605 455 1644 non
476 1587 581 1644 sinunt.
621 1587 728 1644 Verum
743 1587 800 1646 hoo
813 1589 907 1665 ingre·

121 1682 188 1738 diar
202 1681 236 1738 ad
251 1701 295 1753 ea,
309 1702 372 1757 quae
385 1676 478 1754 vultis,
494 1683 640 1754 audacius,
654 1682 729 1758 quod
746 1685 821 1741 idem
835 1684 907 1742 mihi

122 1797 208 1853 spero
234 1797 288 1835 usu
315 1797 377 1836 esse
403 1790 551 1836 venturum
572 1780 602 1836 in
624 1779 679 1836 hao
705 1780 905 1856 disputatione,

123 1873 202 1948 quod
229 1873 258 1930 iu
286 1875 409 1932 dicendo
441 1875 522 1946 solet,
554 1885 586 1931 ut
617 1875 697 1933 nulla
727 1886 906 1950 exspectetur
921 1880 952 1929 15

124 1978 228 2027 ornata
240 1969 346 2028 oratio:
367 1971 550 2045 nequeenim
564 1988 626 2028 sum
641 1971 678 2026 de
692 1979 752 2027 arte
768 1971 905 2043 dicturus,

123 2085 209 2142 quam
223 2085 368 2140 nunquam
382 2066 480 2136 didici,
492 2066 541 2123 sed
553 2066 589 2123 de
602 2065 667 2122 met
681 2067 904 2137 eonsuetudine3

124 2163 241 2238 ipsaque
255 2162 312 2234 illa,
327 2181 389 2236 quae
404 2162 433 2218 in
448 2162 682 2219 sommentarioru
698 2178 792 2218 meum
811 2161 905 2234 retuli,

109 2267 192 2314 'sunt
212 2257 360 2334 ejusmodi,
375 2276 434 2314 non
456 2256 550 2332 aliqui
564 2256 635 2314 milri
649 2256 779 2314 doetriut
792 2256 905 2329 tradita,

120 2351 176 2409 ¹sed
200 2351 229 2408 in
256 2371 350 2410 rerum
379 2371 431 2411 usu
458 2351 609 2427 causisque
634 2344 770 2408 tractata:
798 2370 861 2426 que
881 2351 906 2410 si
919 2359 952 2408 2⁰

125 2449 216 2519 vobis,
230 2448 394 2506 hominibus
407 2447 616 2519 eruditissimis,
630 2466 689 2504 non
702 2448 906 2524 probabuntur,

125 2555 247 2601 vestram
271 2543 448 2619 iniquitatem
474 2553 648 2614 accusatote,
671 2543 719 2619 qui
746 2563 782 2602 ex
804 2563 850 2602 me
873 2562 908 2602 ea

125 2640 303 2715 quaesieritis,
324 2659 387 2715 quse
407 2659 462 2718 ego
484 2640 641 2710 nescirem
669 2658 762 2697 meam
789 2640 907 2698 fusilita-

126 2749 184 2794 tem
194 2737 358 2808 'laudatote,
374 2755 439 2794 oum
461 2736 550 2809 vobis,
566 2755 625 2793 non
640 2754 706 2792 meo
722 2736 843 2812 judIoio,
857 2735 907 2794 ssd

126 2843 220 2890 vestro
240 2832 334 2890 studio
354 2832 498 2904 inductus,
515 2850 573 2890 nou
592 2841 708 2909 gravate
726 2833 906 2907 respondero.
919 2839 952 2890 25

126 2927 204 2986 'I'unr
239 2928 369 3002 Crassus,
402 2928 493 3006 I’erge
525 2927 622 3000 ¹ruodo,
650 2926 752 3001 inquit,
779 2926 906 2984 Antoni:

119 3016 236 3084 'nullum
250 3034 292 3084 est
306 3025 382 3083 enlm
401 3019 572 3103 perieulum,
586 3023 704 3100 nequid
718 3032 749 3082 tu
762 3022 907 3098 eloquare,
