2167 3567
139 317 195 376 128
454 325 496 373 nn
518 308 681 380 onaronn
880 324 962 390 [nn.

180 493 248 546 euae,
263 493 348 549 quarn
368 485 469 532 eontra
489 475 627 552 collegam
648 491 750 532 eensor
764 471 873 545 habuit,
887 472 965 549 prin·

181 571 258 647 cipio
278 571 357 643 dixit,
379 571 482 633 “Quae
503 572 605 628 natural
626 581 674 628 aut
694 570 808 627 fortuni
828 569 964 627 darentur

181 668 353 738 horninibus,
376 667 405 725 in
427 669 462 725 iia
489 669 574 724 rebus
601 687 632 726 ae
653 667 730 724 vinei
756 685 840 742 posse
867 666 964 723 animo

181 783 262 838 aequo
276 765 351 841 pati:
370 783 434 839 que
448 765 501 840 ipsi
515 764 570 822 sibi
584 763 716 839 homines¹
727 781 827 838 parare
837 771 962 837 possent,

150 851 167 917 b
181 859 209 917 in
226 861 259 918 iis
273 861 358 918 rebus
372 879 402 916 se
415 860 473 936 pati
487 859 565 917 vinci
580 856 743 935 nonposse
752 860 783 928 ;’'
805 858 854 933 qui
868 857 964 914 laudn-

181 956 223 1014 bit
247 957 418 1032 quempiam,
445 956 595 1032 intelliget,
622 955 791 1030 exponenda
816 953 872 1010 sibi
900 971 964 1010 esse

181 1053 301 1110 fortunae
313 1053 403 1138 ¹bona.
444 1051 489 1110 Ea
509 1063 584 1124 eunt,
605 1051 728 1133 generis,
746 1050 886 1126 pecunie,
901 1067 964 1125 pro-

180 1148 359 1226 pinquorum,
375 1148 541 1223 aminarum,
556 1166 652 1224 opum,
664 1146 843 1217 valetudinis,
855 1146 963 1217 formae,

180 1245 292 1317 virium,
314 1245 432 1322 ingenii,
454 1256 670 1318 ceterarumque
690 1262 794 1314 rernm,
815 1262 878 1318 que
898 1252 964 1300 aunt

136 1353 167 1402 tn
182 1351 230 1398 aut
244 1343 379 1417 eorporis,
396 1351 443 1398 aut
457 1351 615 1398 extraneae:
635 1340 661 1398 ai
677 1339 817 1410 habuerit,
830 1339 905 1395 bene
919 1338 964 1394 hia

181 1457 280 1496 ueurn:
308 1437 410 1494 sinon
438 1437 579 1507 habuerit,
600 1436 742 1512 sapienter
769 1435 912 1492 caruisse:
939 1433 964 1492 ei

182 1533 317 1604 amiserit,
345 1533 491 1590 moderate
517 1532 625 1590 tulisse.
675 1531 799 1601 Deinde,
826 1531 894 1606 qnid
921 1549 964 1588 aa·

180 1630 291 1706 pienter
319 1629 353 1700 is,
375 1647 458 1703 quem
485 1629 592 1699 laudet,
616 1628 684 1702 qnid
710 1624 875 1698 liberaliter,
894 1627 965 1702 quid

181 1725 301 1796 sortiter,
323 1725 390 1800 quid
414 1723 500 1801 juste,
527 1725 594 1800 quid
621 1724 784 1800 magnifice,
811 1723 879 1798 quid
905 1723 966 1799 pie,

136 1831 167 1880 15
180 1806 254 1896 quid*
268 1831 358 1897 grate,
379 1819 447 1894 quid
475 1819 645 1890 humaniter,
665 1819 740 1892 quid
753 1819 877 1893 denique
896 1837 963 1875 eum

183 1917 276 1992 aliqud
295 1909 399 1974 'virtute
427 1927 476 1974 aut
498 1915 598 1972 fecerit
619 1925 667 1972 aut
680 1900 792 1972 'tulerit
833 1915 916 1986 Heu,
934 1923 964 1972 et

181 2011 244 2088 quae
268 2013 325 2070 sint
348 2011 409 2088 ejus
425 2012 552 2088 generis,
573 2010 658 2068 facile
682 2010 798 2081 videbit,
819 2011 868 2084 qui
888 2011 964 2068 volet

74 2107 82 2124 '
181 2108 297 2167 laudare
318 2107 495 2184 quempiam
517 2107 607 2182 etqui
627 2106 796 2182 vituperare,
811 2107 963 2165 contraria.

181 2203 242 2263 Cur
256 2204 349 2281 'igitur
376 2204 499 2275 dubitas,
521 2203 614 2276 inquit
641 2202 771 2274 Catulus,
792 2203 887 2260 faeere
907 2203 964 2260 hoe

135 2313 167 2363 ω
181 2300 294 2358 tertium
309 2319 409 2377 genus,
425 2299 559 2374 quoniam
580 2299 653 2356 inest
673 2298 702 2356 in
723 2298 833 2355 ratione
849 2301 965 2356 reruml

181 2414 248 2459 non¹
260 2396 386 2467 eninr,‘si
406 2406 449 2452 est
469 2395 592 2465 facilius,
607 2413 642 2451 eo
663 2394 699 2451 de
719 2413 840 2452 numero
852 2413 965 2470 quoque

181 2503 225 2550 est
251 2493 469 2569 excerpendurn.
522 2491 605 2554 Quia
629 2492 707 2563 nolo,
732 2491 838 2566 inquit,
856 2492 964 2564 omnia,

182 2607 245 2664 quar
277 2589 384 2647 eadunt
418 2588 572 2664 aliquando
598 2589 628 2646 in
657 2598 809 2660 oratorem,
836 2574 966 2662 quamvis

181 2685 285 2762 exigua
308 2684 374 2756 rint,
397 2703 432 2742 ea
455 2685 497 2742 rie
520 2693 654 2756 tractare,
675 2685 756 2759 quasi
779 2684 851 2742 nihil
875 2684 966 2760 possit

136 2797 168 2848 25
182 2781 241 2838 diei
261 2780 323 2838 eine
343 2781 492 2857 praeceptis
511 2779 579 2838 auis.
623 2780 701 2838 Nam
721 2792 751 2838 et
770 2781 965 2839 testimonium

182 2897 256 2954 aaepe
268 2877 429 2934 'dicendum
450 2887 502 2949 est,
524 2896 559 2934 ae
573 2895 782 2951 *nonnunquam
809 2877 894 2935 etiarn
919 2895 965 2934 ac·

183 2973 372 3045 attenuant
391 2972 472 3048 milri·
488 2987 619 3030 neeesse
631 2971 684 3030 suit
703 2971 733 3029 in
754 2973 820 3030 Sex.
840 2970 964 3043 Titium,

183 3068 350 3127 seditiosum
370 3068 463 3131 nivern
482 3067 742 3128 etturbulentnm:
763 3055 912 3146 explicari,
933 3065 965 3126 in
