2167 3567
158 304 198 362 24
222 254 226 265 ‚
479 318 522 363 nu
544 315 709 364 onaronu
918 316 958 375 [ι.
969 316 990 362 1.

244 463 299 521 XI.
328 464 406 522 Tum
433 464 491 537 ille,
519 464 588 523 Non
621 483 696 537 sum,
727 463 829 539 iuquit,
862 464 990 535 nescius,

206 561 345 633 Scaevola,
370 562 424 619 ista
450 562 524 619 inter
551 562 671 619 Graecos
697 561 756 619 dici
782 571 812 618 et
834 559 991 637 disceptari

205 658 304 715 solere.
358 659 465 716 Audivi
492 658 570 715 enim
596 677 722 715 summos
753 658 893 729 homines,
921 677 991 715 cum

205 764 327 827 quaestor
348 772 384 811 ex
407 754 583 812 Macedonia
609 754 753 811 venissem'
777 753 918 824 Athenas,
939 754 991 810 flo-

173 854 285 907 trente
306 851 476 923 Academia,
497 861 529 909 ut
549 851 725 926 temporibus
744 849 808 910 ullis
834 850 990 922 serebatur,

205 946 281 1020 quod
301 966 364 1004 eam
385 947 573 1019 Charmadas,
594 956 624 1003 et
646 946 854 1017 Clitomachus,
875 956 904 1003 et
924 947 992 1003 AEs·

204 1042 306 1100 chinea
325 1043 501 1101 obtinebant.
544 1043 613 1101 Erat
630 1043 716 1101 etiam
731 1042 924 1114 Metrodorus,
938 1042 991 1117 qui

205 1158 271 1197 cum
290 1138 346 1196 illis
363 1140 422 1196 und
442 1139 535 1215 ipsum
556 1139 635 1196 illum
656 1138 848 1195 Charmadam
868 1138 991 1215 diligen·

204 1236 261 1293 tius
282 1236 419 1307 audierat,
439 1235 584 1293 hominem
603 1235 732 1292 omnium
752 1234 935 1306 indicendo,
956 1245 990 1293 ut

157 1342 188 1390 10
205 1333 343 1403 serebant,
368 1332 538 1389 acerrimum
559 1341 588 1389 et
608 1332 844 1407 copiosissimum.
898 1331 987 1409 Vige-

204 1429 252 1485 bat
273 1429 384 1485 auditor
405 1428 525 1485 Panaetii
552 1428 629 1484 illius
655 1428 698 1485 tui
725 1427 931 1498 Mnesarchua3
958 1439 989 1487 et

203 1524 387 1599 Peripatetici
420 1523 542 1581 Critolai
576 1524 730 1581 Diodorus.
784 1523 871 1581 Multi
905 1535 988 1582 erant

202 1629 340 1695 preterea
366 1620 496 1695 preclari
523 1620 554 1677 in
579 1619 760 1695 philosophia
781 1630 810 1677 et
830 1621 949 1692 nobiles,
971 1642 989 1679 a

202 1716 306 1791 quibus
326 1716 459 1773 omnihus
473 1716 532 1773 unt
545 1735 628 1791 pene
641 1734 713 1773 voce
726 1716 826 1791 repelli
844 1728 988 1775 oratorem

156 1824 219 1874 15a
252 1812 454 1888 gubernaculis
490 1812 648 1883 civitatum,
683 1812 799 1869 excludi
836 1814 872 1869 ab
908 1814 988 1871 omni

202 1910 335 1967 doctrina
349 1928 501 1983 rerumque
514 1910 656 1985 majorum
676 1909 809 1981 scientia,
825 1928 859 1967 ac
874 1920 986 1967 tantum

202 2006 231 2064 in
249 2006 360 2083 judicia
379 2016 408 2063 et
428 2006 645 2078 commaculas,
664 2015 800 2080 tauquam
821 2006 851 2064 in
872 2007 986 2082 aliquod

201 2102 363 2178 pistrinum,
384 2102 496 2160 detrudi
517 2112 548 2160 et
567 2102 712 2180 compingi
732 2102 871 2161 ridebam.
927 2104 987 2161 Sed

201 2218 257 2277 ego
277 2218 370 2274 neque
391 2198 447 2256 illis
468 2199 653 2271 assentiebar,
667 2219 762 2275 neque
776 2201 876 2257 harum
891 2200 986 2275 dispu-

154 2310 186 2359 20
201 2297 343 2353 tationum
364 2296 505 2354 inventori
526 2306 555 2354 et
574 2296 698 2371 principi
711 2297 798 2373 longe
813 2297 940 2353 omnium
955 2297 985 2355 in

202 2392 325 2449 dicendo
348 2392 514 2467 gravissimo
541 2402 571 2447 et
596 2391 839 2465 eloquentissimo,
861 2391 985 2465 Platoni,

202 2486 284 2560 cujus
304 2496 365 2542 tum
387 2486 510 2543 Athenis
534 2504 601 2543 cum
629 2485 792 2543 Charmadtl
819 2487 986 2563 diligentius

201 2579 259 2657 legi
285 2581 440 2657 Gorgiam
475 2600 530 2655 quo
557 2581 588 2637 iu
614 2580 689 2637 libro
716 2581 746 2638 iu
773 2582 829 2639 hoc
862 2585 985 2642 maxime

202 2677 362 2735 admirabar
389 2677 548 2749 Platonem,
568 2677 645 2752 quod
672 2677 743 2734 mihi
769 2677 800 2734 in
824 2678 985 2735 oratoribus

154 2794 186 2844 25
202 2772 353 2831 irridendis
378 2773 438 2848 ipse
465 2791 528 2829 esse
554 2782 651 2830 orator
679 2791 806 2830 summus
826 2773 982 2830 videbatur.
1075 2757 1076 2782 ³

200 2869 292 2928 Verbi
311 2869 389 2927 enim
410 2869 606 2928 controversia
625 2869 685 2945 jam
705 2869 755 2925 diu
774 2879 888 2944 torquet
907 2869 985 2926 Gras-

202 2967 284 3025 culos
310 2967 451 3039 homines,
480 2965 675 3025 contentionis
708 2966 872 3043 cupidiores
900 2984 985 3043 quam
1075 2967 1076 2998 ¹
