<?xml version="1.0" encoding="UTF-8"?>
<!DOCTYPE html PUBLIC "-//W3C//DTD XHTML 1.0 Transitional//EN"
    "http://www.w3.org/TR/xhtml1/DTD/xhtml1-transitional.dtd">
<html xmlns="http://www.w3.org/1999/xhtml" xml:lang="en" lang="en">
 <head>
  <title>
</title>
<meta http-equiv="Content-Type" content="text/html;charset=utf-8" />
  <meta name='ocr-system' content='tesseract 3.04.00' />
  <meta name='ocr-capabilities' content='ocr_page ocr_carea ocr_par ocr_line ocrx_word'/>
</head>
<body>
  <div class='ocr_page' id='page_1' title='image "./mtciceronisadqu01dillgoog_0086.png"; bbox 0 0 2167 3567; ppageno 0'>
   <div class='ocr_carea' id='block_1_1' title="bbox 474 323 980 383">
    <p class='ocr_par' dir='ltr' id='par_1_1' title="bbox 474 323 980 383">
     <span class='ocr_line' id='line_1_1' title="bbox 474 323 980 383; baseline -0.01 -10"><span class='ocrx_word' id='word_1_1' title='bbox 474 325 518 373; x_wconf 81' lang='lat' dir='ltr'><strong>m:</strong></span> <span class='ocrx_word' id='word_1_2' title='bbox 540 325 703 373; x_wconf 73' lang='lat' dir='ltr'><strong>cannono</strong></span> <span class='ocrx_word' id='word_1_3' title='bbox 910 323 980 383; x_wconf 75' lang='lat' dir='ltr'><strong>[nn</strong></span> 
     </span>
    </p>
   </div>
   <div class='ocr_carea' id='block_1_2' title="bbox 263 469 903 692">
    <p class='ocr_par' dir='ltr' id='par_1_2' title="bbox 263 469 903 692">
     <span class='ocr_line' id='line_1_2' title="bbox 263 469 903 536; baseline 0.002 -18"><span class='ocrx_word' id='word_1_4' title='bbox 263 471 280 500; x_wconf 85' lang='lat'>“</span> <span class='ocrx_word' id='word_1_5' title='bbox 288 469 396 519; x_wconf 80' lang='lat' dir='ltr'><strong>Sacrum</strong></span> <span class='ocrx_word' id='word_1_6' title='bbox 406 485 490 520; x_wconf 72' lang='lat' dir='ltr'><strong>aarum</strong></span> <span class='ocrx_word' id='word_1_7' title='bbox 500 472 603 521; x_wconf 74' lang='lat' dir='ltr'><strong>incerti:</strong></span> <span class='ocrx_word' id='word_1_8' title='bbox 619 487 681 535; x_wconf 89' lang='lat' dir='ltr'><strong>qoos</strong></span> <span class='ocrx_word' id='word_1_9' title='bbox 689 487 738 536; x_wconf 76' lang='lat' dir='ltr'><strong>ego</strong></span> <span class='ocrx_word' id='word_1_10' title='bbox 747 472 803 520; x_wconf 74' lang='lat' dir='ltr'><strong>mat</strong></span> <span class='ocrx_word' id='word_1_11' title='bbox 813 484 860 535; x_wconf 75' lang='lat' dir='ltr'><strong>ops</strong></span> <span class='ocrx_word' id='word_1_12' title='bbox 869 483 903 519; x_wconf 79' lang='lat' dir='ltr'><strong>cx</strong></span> 
     </span>
     <span class='ocr_line' id='line_1_3' title="bbox 286 549 783 615; baseline 0 -17"><span class='ocrx_word' id='word_1_13' title='bbox 286 549 392 598; x_wconf 75' lang='lat' dir='ltr'><strong>lnoenu</strong></span> <span class='ocrx_word' id='word_1_14' title='bbox 402 558 491 613; x_wconf 82' lang='lat' dir='ltr'><strong>certos,</strong></span> <span class='ocrx_word' id='word_1_15' title='bbox 501 559 674 615; x_wconf 76' lang='lat' dir='ltr'><strong>compotesque</strong></span> <span class='ocrx_word' id='word_1_16' title='bbox 684 551 783 612; x_wconf 85' lang='lat' dir='ltr'><strong>consili,</strong></span> 
     </span>
     <span class='ocr_line' id='line_1_4' title="bbox 286 630 897 692; baseline 0 -14"><span class='ocrx_word' id='word_1_17' title='bbox 286 630 401 692; x_wconf 80' lang='lat' dir='ltr'><strong>Dimitte,</strong></span> <span class='ocrx_word' id='word_1_18' title='bbox 412 637 441 679; x_wconf 88' lang='lat' dir='ltr'><strong>ut</strong></span> <span class='ocrx_word' id='word_1_19' title='bbox 451 647 483 679; x_wconf 87' lang='lat' dir='ltr'><strong>nc</strong></span> <span class='ocrx_word' id='word_1_20' title='bbox 494 647 533 680; x_wconf 85' lang='lat' dir='ltr'><strong>rcs</strong></span> <span class='ocrx_word' id='word_1_21' title='bbox 543 638 636 680; x_wconf 81' lang='lat' dir='ltr'><strong>temere</strong></span> <span class='ocrx_word' id='word_1_22' title='bbox 647 638 754 681; x_wconf 73' lang='lat' dir='ltr'><strong>tractent</strong></span> <span class='ocrx_word' id='word_1_23' title='bbox 763 631 897 679; x_wconf 77' lang='lat' dir='ltr'><strong>mrbidu.’¹</strong></span> 
     </span>
    </p>
   </div>
   <div class='ocr_carea' id='block_1_3' title="bbox 167 763 982 1321">
    <p class='ocr_par' dir='ltr' id='par_1_3' title="bbox 200 763 982 842">
     <span class='ocr_line' id='line_1_5' title="bbox 200 763 982 842; baseline -0.004 -19"><span class='ocrx_word' id='word_1_24' title='bbox 200 763 253 824; x_wconf 85' lang='lat' dir='ltr'><strong>Est</strong></span> <span class='ocrx_word' id='word_1_25' title='bbox 271 764 348 822; x_wconf 85' lang='lat' dir='ltr'><strong>enim</strong></span> <span class='ocrx_word' id='word_1_26' title='bbox 368 764 430 822; x_wconf 78' lang='lat' dir='ltr'><strong>sinc</strong></span> <span class='ocrx_word' id='word_1_27' title='bbox 450 765 538 822; x_wconf 89' lang='lat' dir='ltr'><strong>dubio</strong></span> <span class='ocrx_word' id='word_1_28' title='bbox 558 765 660 824; x_wconf 88' lang='lat' dir='ltr'><strong>domus</strong></span> <span class='ocrx_word' id='word_1_29' title='bbox 676 764 872 842; x_wconf 84' lang='lat' dir='ltr'><strong>jurisconsulti</strong></span> <span class='ocrx_word' id='word_1_30' title='bbox 891 763 982 821; x_wconf 88' lang='lat' dir='ltr'><strong>totius</strong></span> 
     </span>
    </p>

    <p class='ocr_par' dir='ltr' id='par_1_4' title="bbox 167 853 982 1321">
     <span class='ocr_line' id='line_1_6' title="bbox 167 853 981 937; baseline 0.001 -23"><span class='ocrx_word' id='word_1_31' title='bbox 167 866 184 914; x_wconf 80' lang='lat'><strong>5</strong></span> <span class='ocrx_word' id='word_1_32' title='bbox 201 853 347 918; x_wconf 81' lang='lat' dir='ltr'><strong>oraculum</strong></span> <span class='ocrx_word' id='word_1_33' title='bbox 363 861 493 920; x_wconf 84' lang='lat' dir='ltr'><strong>civitatis.</strong></span> <span class='ocrx_word' id='word_1_34' title='bbox 534 861 633 919; x_wconf 82' lang='lat' dir='ltr'><strong>Testis</strong></span> <span class='ocrx_word' id='word_1_35' title='bbox 645 872 689 918; x_wconf 81' lang='lat' dir='ltr'><strong>cst</strong></span> <span class='ocrx_word' id='word_1_36' title='bbox 702 861 823 937; x_wconf 81' lang='lat' dir='ltr'><strong>hujusce</strong></span> <span class='ocrx_word' id='word_1_37' title='bbox 834 860 874 921; x_wconf 80' lang='lat' dir='ltr'><strong>Q.</strong></span> <span class='ocrx_word' id='word_1_38' title='bbox 886 858 981 916; x_wconf 87' lang='lat' dir='ltr'><strong>Mucii</strong></span> 
     </span>
     <span class='ocr_line' id='line_1_7' title="bbox 196 954 981 1034; baseline -0.003 -21"><span class='ocrx_word' id='word_1_39' title='bbox 196 956 285 1032; x_wconf 82' lang='lat' dir='ltr'><strong>janus</strong></span> <span class='ocrx_word' id='word_1_40' title='bbox 304 966 333 1014; x_wconf 79' lang='lat' dir='ltr'><strong>et</strong></span> <span class='ocrx_word' id='word_1_41' title='bbox 353 958 533 1029; x_wconf 81' lang='lat' dir='ltr'><strong>vestibulum,</strong></span> <span class='ocrx_word' id='word_1_42' title='bbox 549 959 635 1033; x_wconf 86' lang='lat' dir='ltr'><strong>quod,</strong></span> <span class='ocrx_word' id='word_1_43' title='bbox 657 958 686 1014; x_wconf 89' lang='lat' dir='ltr'><strong>in</strong></span> <span class='ocrx_word' id='word_1_44' title='bbox 706 957 768 1034; x_wconf 83' lang='lat' dir='ltr'><strong>ejus</strong></span> <span class='ocrx_word' id='word_1_45' title='bbox 788 954 981 1013; x_wconf 63' lang='lat' dir='ltr'><strong>infirmissimi</strong></span> 
     </span>
     <span class='ocr_line' id='line_1_8' title="bbox 199 1050 982 1130; baseline -0.001 -22"><span class='ocrx_word' id='word_1_46' title='bbox 199 1053 371 1125; x_wconf 77' lang='lat' dir='ltr'><strong>valetudine,</strong></span> <span class='ocrx_word' id='word_1_47' title='bbox 387 1055 546 1128; x_wconf 70' lang='lat' dir='ltr'><strong>affectaque</strong></span> <span class='ocrx_word' id='word_1_48' title='bbox 563 1054 621 1130; x_wconf 85' lang='lat' dir='ltr'><strong>jam</strong></span> <span class='ocrx_word' id='word_1_49' title='bbox 643 1064 734 1123; x_wconf 70' lang='lat' dir='ltr'><strong>etate,</strong></span> <span class='ocrx_word' id='word_1_50' title='bbox 748 1051 871 1110; x_wconf 68' lang='lat' dir='ltr'><strong>maximi</strong></span> <span class='ocrx_word' id='word_1_51' title='bbox 887 1050 982 1126; x_wconf 87' lang='lat' dir='ltr'><strong>quoti·</strong></span> 
     </span>
     <span class='ocr_line' id='line_1_9' title="bbox 198 1148 980 1224; baseline -0.003 -18"><span class='ocrx_word' id='word_1_52' title='bbox 198 1150 246 1206; x_wconf 88' lang='lat' dir='ltr'><strong>dic</strong></span> <span class='ocrx_word' id='word_1_53' title='bbox 267 1149 426 1224; x_wconf 68' lang='lat' dir='ltr'><strong>frequentia</strong></span> <span class='ocrx_word' id='word_1_54' title='bbox 446 1150 563 1223; x_wconf 85' lang='lat' dir='ltr'><strong>civium,</strong></span> <span class='ocrx_word' id='word_1_55' title='bbox 582 1169 616 1208; x_wconf 89' lang='lat' dir='ltr'><strong>ac</strong></span> <span class='ocrx_word' id='word_1_56' title='bbox 635 1167 810 1208; x_wconf 81' lang='lat' dir='ltr'><strong>summorum</strong></span> <span class='ocrx_word' id='word_1_57' title='bbox 830 1148 980 1206; x_wconf 89' lang='lat' dir='ltr'><strong>hominum</strong></span> 
     </span>
     <span class='ocr_line' id='line_1_10' title="bbox 197 1246 541 1321; baseline 0 -19"><span class='ocrx_word' id='word_1_58' title='bbox 197 1246 358 1321; x_wconf 77' lang='lat' dir='ltr'><strong>splendore,</strong></span> <span class='ocrx_word' id='word_1_59' title='bbox 373 1246 541 1304; x_wconf 78' lang='lat' dir='ltr'><strong>celebratur.</strong></span> 
     </span>
    </p>
   </div>
   <div class='ocr_carea' id='block_1_4' title="bbox 145 1434 980 3041">
    <p class='ocr_par' dir='ltr' id='par_1_5' title="bbox 145 1434 980 3041">
     <span class='ocr_line' id='line_1_11' title="bbox 150 1434 978 1512; baseline 0.006 -24"><span class='ocrx_word' id='word_1_60' title='bbox 150 1439 181 1488; x_wconf 81' lang='grc' dir='ltr'><strong>ιο</strong></span> <span class='ocrx_word' id='word_1_61' title='bbox 236 1435 343 1493; x_wconf 87' lang='lat' dir='ltr'>XLVI.</span> <span class='ocrx_word' id='word_1_62' title='bbox 365 1435 429 1494; x_wconf 85' lang='lat' dir='ltr'><strong>Jam</strong></span> <span class='ocrx_word' id='word_1_63' title='bbox 450 1455 516 1494; x_wconf 86' lang='lat' dir='ltr'><strong>vero</strong></span> <span class='ocrx_word' id='word_1_64' title='bbox 536 1435 585 1494; x_wconf 90' lang='lat' dir='ltr'><strong>illa</strong></span> <span class='ocrx_word' id='word_1_65' title='bbox 604 1453 663 1494; x_wconf 89' lang='lat' dir='ltr'><strong>non</strong></span> <span class='ocrx_word' id='word_1_66' title='bbox 682 1435 797 1512; x_wconf 79' lang='lat' dir='ltr'><strong>longam</strong></span> <span class='ocrx_word' id='word_1_67' title='bbox 817 1434 978 1493; x_wconf 82' lang='lat' dir='ltr'><strong>orationem</strong></span> 
     </span>
     <span class='ocr_line' id='line_1_12' title="bbox 196 1531 979 1608; baseline 0.003 -22"><span class='ocrx_word' id='word_1_68' title='bbox 196 1531 369 1602; x_wconf 80' lang='lat' dir='ltr'><strong>desiderant,</strong></span> <span class='ocrx_word' id='word_1_69' title='bbox 390 1533 573 1606; x_wconf 82' lang='lat' dir='ltr'><strong>quamobrem</strong></span> <span class='ocrx_word' id='word_1_70' title='bbox 594 1531 752 1588; x_wconf 78' lang='lat' dir='ltr'>existimem</span> <span class='ocrx_word' id='word_1_71' title='bbox 773 1531 888 1608; x_wconf 87' lang='lat' dir='ltr'><strong>publica</strong></span> <span class='ocrx_word' id='word_1_72' title='bbox 907 1549 979 1606; x_wconf 84' lang='lat' dir='ltr'><strong>quo·</strong></span> 
     </span>
     <span class='ocr_line' id='line_1_13' title="bbox 195 1627 979 1702; baseline 0.003 -20"><span class='ocrx_word' id='word_1_73' title='bbox 195 1645 250 1701; x_wconf 84' lang='lat' dir='ltr'><strong>que</strong></span> <span class='ocrx_word' id='word_1_74' title='bbox 267 1627 341 1702; x_wconf 85' lang='lat' dir='ltr'><strong>jura,</strong></span> <span class='ocrx_word' id='word_1_75' title='bbox 357 1646 419 1701; x_wconf 81' lang='lat' dir='ltr'><strong>quae</strong></span> <span class='ocrx_word' id='word_1_76' title='bbox 439 1637 505 1684; x_wconf 88' lang='lat' dir='ltr'><strong>sunt</strong></span> <span class='ocrx_word' id='word_1_77' title='bbox 525 1628 640 1702; x_wconf 80' lang='lat' dir='ltr'><strong>propria</strong></span> <span class='ocrx_word' id='word_1_78' title='bbox 655 1627 778 1684; x_wconf 82' lang='lat' dir='ltr'><strong>civitatis</strong></span> <span class='ocrx_word' id='word_1_79' title='bbox 792 1638 875 1702; x_wconf 84' lang='lat' dir='ltr'><strong>atque</strong></span> <span class='ocrx_word' id='word_1_80' title='bbox 889 1627 979 1702; x_wconf 83' lang='lat' dir='ltr'><strong>impo-</strong></span> 
     </span>
     <span class='ocr_line' id='line_1_14' title="bbox 195 1721 980 1800; baseline 0.003 -22"><span class='ocrx_word' id='word_1_81' title='bbox 195 1721 240 1792; x_wconf 76' lang='lat' dir='ltr'><strong>ni,</strong></span> <span class='ocrx_word' id='word_1_82' title='bbox 255 1730 316 1778; x_wconf 88' lang='lat' dir='ltr'><strong>tum</strong></span> <span class='ocrx_word' id='word_1_83' title='bbox 332 1733 516 1780; x_wconf 85' lang='lat' dir='ltr'><strong>monumenta</strong></span> <span class='ocrx_word' id='word_1_84' title='bbox 529 1741 623 1780; x_wconf 87' lang='lat' dir='ltr'><strong>rerum</strong></span> <span class='ocrx_word' id='word_1_85' title='bbox 644 1734 798 1800; x_wconf 84' lang='lat' dir='ltr'><strong>gestarum,</strong></span> <span class='ocrx_word' id='word_1_86' title='bbox 812 1733 841 1780; x_wconf 86' lang='lat' dir='ltr'><strong>ct</strong></span> <span class='ocrx_word' id='word_1_87' title='bbox 855 1733 980 1781; x_wconf 85' lang='lat' dir='ltr'><strong>vetusta·</strong></span> 
     </span>
     <span class='ocr_line' id='line_1_15' title="bbox 194 1818 977 1894; baseline 0.003 -20"><span class='ocrx_word' id='word_1_88' title='bbox 194 1818 231 1876; x_wconf 84' lang='lat' dir='ltr'><strong>tis</strong></span> <span class='ocrx_word' id='word_1_89' title='bbox 245 1819 384 1894; x_wconf 85' lang='lat' dir='ltr'><strong>exempla,</strong></span> <span class='ocrx_word' id='word_1_90' title='bbox 398 1819 505 1875; x_wconf 81' lang='lat' dir='ltr'><strong>oratori</strong></span> <span class='ocrx_word' id='word_1_91' title='bbox 524 1829 594 1877; x_wconf 84' lang='lat' dir='ltr'><strong>nota</strong></span> <span class='ocrx_word' id='word_1_92' title='bbox 613 1837 675 1876; x_wconf 80' lang='lat' dir='ltr'><strong>csse</strong></span> <span class='ocrx_word' id='word_1_93' title='bbox 689 1819 802 1877; x_wconf 84' lang='lat' dir='ltr'><strong>debore.</strong></span> <span class='ocrx_word' id='word_1_94' title='bbox 843 1819 919 1876; x_wconf 90' lang='lat' dir='ltr'><strong>Nam</strong></span> <span class='ocrx_word' id='word_1_95' title='bbox 933 1830 977 1892; x_wconf 88' lang='lat' dir='ltr'><strong>ut,</strong></span> 
     </span>
     <span class='ocr_line' id='line_1_16' title="bbox 148 1914 979 1991; baseline 0.004 -23"><span class='ocrx_word' id='word_1_96' title='bbox 148 1918 179 1968; x_wconf 83' lang='lat'><strong>15</strong></span> <span class='ocrx_word' id='word_1_97' title='bbox 195 1914 224 1971; x_wconf 91' lang='lat' dir='ltr'><strong>in</strong></span> <span class='ocrx_word' id='word_1_98' title='bbox 245 1933 338 1972; x_wconf 84' lang='lat' dir='ltr'><strong>rerum</strong></span> <span class='ocrx_word' id='word_1_99' title='bbox 358 1915 531 1991; x_wconf 81' lang='lat' dir='ltr'><strong>privatarum</strong></span> <span class='ocrx_word' id='word_1_100' title='bbox 552 1914 646 1973; x_wconf 88' lang='lat' dir='ltr'><strong>causis</strong></span> <span class='ocrx_word' id='word_1_101' title='bbox 667 1926 751 1990; x_wconf 88' lang='lat' dir='ltr'><strong>atque</strong></span> <span class='ocrx_word' id='word_1_102' title='bbox 774 1915 901 1991; x_wconf 80' lang='lat' dir='ltr'><strong>judiciis,</strong></span> <span class='ocrx_word' id='word_1_103' title='bbox 928 1915 979 1971; x_wconf 86' lang='lat' dir='ltr'><strong>do-</strong></span> 
     </span>
     <span class='ocr_line' id='line_1_17' title="bbox 193 2010 978 2087; baseline 0.001 -21"><span class='ocrx_word' id='word_1_104' title='bbox 193 2012 351 2086; x_wconf 81' lang='lat' dir='ltr'><strong>promenda</strong></span> <span class='ocrx_word' id='word_1_105' title='bbox 370 2029 445 2086; x_wconf 84' lang='lat' dir='ltr'><strong>saepe</strong></span> <span class='ocrx_word' id='word_1_106' title='bbox 465 2011 557 2068; x_wconf 86' lang='lat' dir='ltr'><strong>oratio</strong></span> <span class='ocrx_word' id='word_1_107' title='bbox 577 2020 676 2069; x_wconf 82' lang='lat' dir='ltr'><strong>estex</strong></span> <span class='ocrx_word' id='word_1_108' title='bbox 693 2011 757 2087; x_wconf 81' lang='lat' dir='ltr'><strong>juro</strong></span> <span class='ocrx_word' id='word_1_109' title='bbox 777 2010 864 2082; x_wconf 86' lang='lat' dir='ltr'><strong>civili,</strong></span> <span class='ocrx_word' id='word_1_110' title='bbox 884 2022 913 2067; x_wconf 85' lang='lat' dir='ltr'><strong>ct</strong></span> <span class='ocrx_word' id='word_1_111' title='bbox 933 2011 978 2067; x_wconf 90' lang='lat' dir='ltr'><strong>id-</strong></span> 
     </span>
     <span class='ocr_line' id='line_1_18' title="bbox 194 2104 977 2185; baseline 0 -24"><span class='ocrx_word' id='word_1_112' title='bbox 194 2104 274 2161; x_wconf 80' lang='lat' dir='ltr'><strong>circo</strong></span> <span class='ocrx_word' id='word_1_113' title='bbox 305 2104 350 2182; x_wconf 89' lang='lat' dir='ltr'><strong>(ut</strong></span> <span class='ocrx_word' id='word_1_114' title='bbox 378 2115 443 2162; x_wconf 86' lang='lat' dir='ltr'><strong>ante</strong></span> <span class='ocrx_word' id='word_1_115' title='bbox 469 2105 606 2185; x_wconf 75' lang='lat' dir='ltr'><strong>diximus)</strong></span> <span class='ocrx_word' id='word_1_116' title='bbox 640 2105 746 2162; x_wconf 82' lang='lat' dir='ltr'><strong>oratori</strong></span> <span class='ocrx_word' id='word_1_117' title='bbox 777 2104 849 2180; x_wconf 86' lang='lat' dir='ltr'><strong>juris</strong></span> <span class='ocrx_word' id='word_1_118' title='bbox 881 2104 977 2161; x_wconf 82' lang='lat' dir='ltr'><strong>civilis</strong></span> 
     </span>
     <span class='ocr_line' id='line_1_19' title="bbox 194 2199 977 2274; baseline 0.001 -18"><span class='ocrx_word' id='word_1_119' title='bbox 194 2199 317 2257; x_wconf 83' lang='lat' dir='ltr'><strong>scientia</strong></span> <span class='ocrx_word' id='word_1_120' title='bbox 335 2201 498 2260; x_wconf 86' lang='lat' dir='ltr'><strong>necessaria</strong></span> <span class='ocrx_word' id='word_1_121' title='bbox 517 2212 577 2271; x_wconf 81' lang='lat' dir='ltr'><strong>est3</strong></span> <span class='ocrx_word' id='word_1_122' title='bbox 605 2201 657 2272; x_wconf 92' lang='lat' dir='ltr'><strong>sic,</strong></span> <span class='ocrx_word' id='word_1_123' title='bbox 678 2200 707 2257; x_wconf 93' lang='lat' dir='ltr'><strong>in</strong></span> <span class='ocrx_word' id='word_1_124' title='bbox 732 2200 827 2257; x_wconf 86' lang='lat' dir='ltr'><strong>causis</strong></span> <span class='ocrx_word' id='word_1_125' title='bbox 852 2199 977 2274; x_wconf 77' lang='lat' dir='ltr'><strong>publicis</strong></span> 
     </span>
     <span class='ocr_line' id='line_1_20' title="bbox 191 2295 977 2372; baseline 0 -20"><span class='ocrx_word' id='word_1_126' title='bbox 191 2296 373 2372; x_wconf 80' lang='lat' dir='ltr'><strong>judiciorum,</strong></span> <span class='ocrx_word' id='word_1_127' title='bbox 394 2297 580 2367; x_wconf 80' lang='lat' dir='ltr'><strong>concionum,</strong></span> <span class='ocrx_word' id='word_1_128' title='bbox 601 2296 726 2366; x_wconf 66' lang='lat' dir='ltr'><strong>senatuis,</strong></span> <span class='ocrx_word' id='word_1_129' title='bbox 747 2297 841 2352; x_wconf 91' lang='lat' dir='ltr'><strong>omnis</strong></span> <span class='ocrx_word' id='word_1_130' title='bbox 863 2295 926 2352; x_wconf 73' lang='lat' dir='ltr'><strong>hac</strong></span> <span class='ocrx_word' id='word_1_131' title='bbox 945 2306 977 2352; x_wconf 85' lang='lat' dir='ltr'><strong>ct</strong></span> 
     </span>
     <span class='ocr_line' id='line_1_21' title="bbox 145 2391 974 2468; baseline -0.004 -19"><span class='ocrx_word' id='word_1_132' title='bbox 145 2399 178 2449; x_wconf 70' lang='lat'><strong>20</strong></span> <span class='ocrx_word' id='word_1_133' title='bbox 194 2392 370 2466; x_wconf 80' lang='lat' dir='ltr'><strong>antiquitatis</strong></span> <span class='ocrx_word' id='word_1_134' title='bbox 389 2392 537 2463; x_wconf 83' lang='lat' dir='ltr'><strong>memoria,</strong></span> <span class='ocrx_word' id='word_1_135' title='bbox 551 2404 580 2449; x_wconf 83' lang='lat' dir='ltr'><strong>et</strong></span> <span class='ocrx_word' id='word_1_136' title='bbox 593 2391 702 2467; x_wconf 88' lang='lat' dir='ltr'><strong>publici</strong></span> <span class='ocrx_word' id='word_1_137' title='bbox 720 2391 794 2468; x_wconf 80' lang='lat' dir='ltr'><strong>juris</strong></span> <span class='ocrx_word' id='word_1_138' title='bbox 810 2391 974 2461; x_wconf 73' lang='lat' dir='ltr'><strong>auctoritas,</strong></span> 
     </span>
     <span class='ocr_line' id='line_1_22' title="bbox 151 2486 974 2564; baseline -0.001 -21"><span class='ocrx_word' id='word_1_139' title='bbox 151 2495 156 2508; x_wconf 95' lang='grc'><em>’</em></span> <span class='ocrx_word' id='word_1_140' title='bbox 192 2497 222 2543; x_wconf 86' lang='lat' dir='ltr'><strong>et</strong></span> <span class='ocrx_word' id='word_1_141' title='bbox 235 2488 367 2564; x_wconf 70' lang='lat' dir='ltr'><strong>regenda</strong></span> <span class='ocrx_word' id='word_1_142' title='bbox 381 2488 545 2563; x_wconf 72' lang='lat' dir='ltr'><strong>reipublicae</strong></span> <span class='ocrx_word' id='word_1_143' title='bbox 559 2486 631 2544; x_wconf 88' lang='lat' dir='ltr'><strong>ratio</strong></span> <span class='ocrx_word' id='word_1_144' title='bbox 646 2487 824 2557; x_wconf 73' lang='lat' dir='ltr'><strong>comissatio,</strong></span> <span class='ocrx_word' id='word_1_145' title='bbox 839 2497 974 2559; x_wconf 87' lang='lat' dir='ltr'><strong>tanquam</strong></span> 
     </span>
     <span class='ocr_line' id='line_1_23' title="bbox 194 2581 974 2656; baseline 0.001 -17"><span class='ocrx_word' id='word_1_146' title='bbox 194 2582 250 2640; x_wconf 84' lang='lat' dir='ltr'><strong>alia</strong></span> <span class='ocrx_word' id='word_1_147' title='bbox 275 2583 419 2653; x_wconf 83' lang='lat' dir='ltr'><strong>materies,</strong></span> <span class='ocrx_word' id='word_1_148' title='bbox 443 2583 477 2640; x_wconf 86' lang='lat' dir='ltr'><strong>iis</strong></span> <span class='ocrx_word' id='word_1_149' title='bbox 502 2583 669 2652; x_wconf 80' lang='lat' dir='ltr'><strong>oratoribus,</strong></span> <span class='ocrx_word' id='word_1_150' title='bbox 694 2582 742 2656; x_wconf 92' lang='lat' dir='ltr'><strong>qui</strong></span> <span class='ocrx_word' id='word_1_151' title='bbox 769 2595 916 2639; x_wconf 80' lang='lat' dir='ltr'><strong>versantur</strong></span> <span class='ocrx_word' id='word_1_152' title='bbox 943 2581 974 2640; x_wconf 88' lang='lat' dir='ltr'><strong>in</strong></span> 
     </span>
     <span class='ocr_line' id='line_1_24' title="bbox 191 2677 975 2754; baseline -0.001 -19"><span class='ocrx_word' id='word_1_153' title='bbox 191 2677 349 2753; x_wconf 71' lang='lat' dir='ltr'><strong>republica,</strong></span> <span class='ocrx_word' id='word_1_154' title='bbox 376 2678 506 2754; x_wconf 83' lang='lat' dir='ltr'><strong>subjecta</strong></span> <span class='ocrx_word' id='word_1_155' title='bbox 532 2696 595 2735; x_wconf 83' lang='lat' dir='ltr'><strong>osso</strong></span> <span class='ocrx_word' id='word_1_156' title='bbox 628 2678 740 2735; x_wconf 85' lang='lat' dir='ltr'><strong>debent.</strong></span> <span class='ocrx_word' id='word_1_157' title='bbox 794 2677 863 2734; x_wconf 93' lang='lat' dir='ltr'><strong>Non</strong></span> <span class='ocrx_word' id='word_1_158' title='bbox 897 2677 975 2734; x_wconf 84' lang='lat' dir='ltr'><strong>enim</strong></span> 
     </span>
     <span class='ocr_line' id='line_1_25' title="bbox 192 2773 974 2848; baseline -0.003 -16"><span class='ocrx_word' id='word_1_159' title='bbox 192 2773 371 2832; x_wconf 88' lang='lat' dir='ltr'><strong>causidicum</strong></span> <span class='ocrx_word' id='word_1_160' title='bbox 390 2774 490 2832; x_wconf 86' lang='lat' dir='ltr'><strong>nescio</strong></span> <span class='ocrx_word' id='word_1_161' title='bbox 510 2791 605 2848; x_wconf 81' lang='lat' dir='ltr'><strong>quem,</strong></span> <span class='ocrx_word' id='word_1_162' title='bbox 626 2791 720 2848; x_wconf 83' lang='lat' dir='ltr'><strong>neque</strong></span> <span class='ocrx_word' id='word_1_163' title='bbox 738 2774 974 2848; x_wconf 80' lang='lat' dir='ltr'><strong>proclamatorsm</strong></span> 
     </span>
     <span class='ocr_line' id='line_1_26' title="bbox 145 2868 973 2944; baseline -0.006 -13"><span class='ocrx_word' id='word_1_164' title='bbox 145 2881 177 2932; x_wconf 76' lang='lat'><strong>25</strong></span> <span class='ocrx_word' id='word_1_165' title='bbox 193 2879 241 2928; x_wconf 88' lang='lat' dir='ltr'><strong>aut</strong></span> <span class='ocrx_word' id='word_1_166' title='bbox 260 2870 398 2941; x_wconf 80' lang='lat' dir='ltr'><strong>rabulam,</strong></span> <span class='ocrx_word' id='word_1_167' title='bbox 419 2870 475 2926; x_wconf 91' lang='lat' dir='ltr'><strong>hoc</strong></span> <span class='ocrx_word' id='word_1_168' title='bbox 495 2877 628 2926; x_wconf 81' lang='lat' dir='ltr'><strong>sermone</strong></span> <span class='ocrx_word' id='word_1_169' title='bbox 647 2879 745 2926; x_wconf 86' lang='lat' dir='ltr'><strong>nostro</strong></span> <span class='ocrx_word' id='word_1_170' title='bbox 767 2868 973 2944; x_wconf 80' lang='lat' dir='ltr'><strong>conquirimus,</strong></span> 
     </span>
     <span class='ocr_line' id='line_1_27' title="bbox 192 2964 974 3041; baseline -0.001 -18"><span class='ocrx_word' id='word_1_171' title='bbox 192 2966 242 3023; x_wconf 85' lang='lat' dir='ltr'><strong>sad</strong></span> <span class='ocrx_word' id='word_1_172' title='bbox 274 2984 342 3023; x_wconf 83' lang='lat' dir='ltr'><strong>cum</strong></span> <span class='ocrx_word' id='word_1_173' title='bbox 372 2965 473 3036; x_wconf 87' lang='lat' dir='ltr'><strong>virum,</strong></span> <span class='ocrx_word' id='word_1_174' title='bbox 501 2965 550 3040; x_wconf 91' lang='lat' dir='ltr'><strong>qui</strong></span> <span class='ocrx_word' id='word_1_175' title='bbox 583 2964 707 3040; x_wconf 77' lang='lat' dir='ltr'><strong>primum</strong></span> <span class='ocrx_word' id='word_1_176' title='bbox 739 2965 777 3022; x_wconf 89' lang='lat' dir='ltr'><strong>sit</strong></span> <span class='ocrx_word' id='word_1_177' title='bbox 808 2965 872 3041; x_wconf 87' lang='lat' dir='ltr'><strong>ejus</strong></span> <span class='ocrx_word' id='word_1_178' title='bbox 905 2965 974 3022; x_wconf 85' lang='lat' dir='ltr'><strong>artis</strong></span> 
     </span>
    </p>
   </div>
   <div class='ocr_carea' id='block_1_5' title="bbox 193 3059 973 3140">
    <p class='ocr_par' dir='ltr' id='par_1_6' title="bbox 193 3059 973 3140">
     <span class='ocr_line' id='line_1_28' title="bbox 193 3059 973 3140; baseline -0.003 -22"><span class='ocrx_word' id='word_1_179' title='bbox 193 3060 320 3134; x_wconf 82' lang='lat' dir='ltr'><strong>antistes,</strong></span> <span class='ocrx_word' id='word_1_180' title='bbox 334 3061 417 3140; x_wconf 83' lang='lat' dir='ltr'><strong>cujus</strong></span> <span class='ocrx_word' id='word_1_181' title='bbox 430 3079 496 3119; x_wconf 89' lang='lat' dir='ltr'><strong>cum</strong></span> <span class='ocrx_word' id='word_1_182' title='bbox 517 3061 580 3137; x_wconf 88' lang='lat' dir='ltr'><strong>ipsa</strong></span> <span class='ocrx_word' id='word_1_183' title='bbox 598 3070 699 3119; x_wconf 87' lang='lat' dir='ltr'><strong>natura</strong></span> <span class='ocrx_word' id='word_1_184' title='bbox 715 3078 848 3138; x_wconf 83' lang='lat' dir='ltr'><strong>magnam</strong></span> <span class='ocrx_word' id='word_1_185' title='bbox 863 3059 973 3118; x_wconf 87' lang='lat' dir='ltr'><strong>homini</strong></span> 
     </span>
    </p>
   </div>
   <div class='ocr_carea' id='block_1_6' title="bbox 0 0 1088 3567">
    <p class='ocr_par' dir='ltr' id='par_1_7' title="bbox 0 0 1088 3567">
     <span class='ocr_line' id='line_1_29' title="bbox 0 0 1088 3567; baseline 0 3"><span class='ocrx_word' id='word_1_186' title='bbox 0 0 1088 3567; x_wconf 95' lang='lat' dir='ltr'><strong> </strong></span> 
     </span>
    </p>
   </div>
  </div>
 </body>
</html>
