2167 3567
106 318 187 378 nn]
387 318 430 366 nu
451 318 616 366 enmono
881 313 937 375 ltu

105 467 235 540 tietione,
249 467 364 527 efficere
383 487 544 545 possumus.
584 468 651 528 Jsm
667 487 734 528 vero
753 469 893 530 nerrstio·

105 583 171 622 nem
193 565 268 640 quod
284 565 389 642 jubent
408 566 591 625 verisimilem
612 584 685 638 esse,
705 577 735 624 et
754 578 891 643 apertum,

105 671 134 717 et
163 661 288 732 brevem,
315 672 393 718 recte
426 681 480 720 nos
512 663 684 720 admonent:
718 663 794 738 quod
828 663 892 722 brec

104 756 276 816 narrationis
303 756 394 834 magis
424 767 526 833 putant
558 775 622 816 esse
654 759 778 834 proprie,
806 777 891 836 quom

104 851 192 909 totius
225 853 373 924 orationis,
401 853 483 912 valde
516 853 587 910 mihi
613 853 745 912 videntur
778 865 921 914 errare:5

104 949 280 1024 omninoque
301 950 330 1006 in
352 950 407 1006 hoc
428 950 521 1008 omnis
542 961 586 1007 est
603 968 693 1022 error,
707 951 782 1026 quod
797 951 892 1010 existi-

104 1055 194 1115 mant,
210 1046 360 1103 artificium
374 1065 436 1104 esse
451 1046 507 1103 hoc
521 1046 665 1121 quoddam
680 1065 738 1103 non
752 1047 892 1106 dissimile

105 1152 278 1214 ceterorum,
289 1143 450 1219 cujusmodi
461 1143 497 1199 de
512 1143 574 1219 ipso
585 1143 650 1219 jure
664 1143 742 1201 civili
757 1145 891 1203 hesterno

105 1238 152 1298 die
173 1240 295 1296 Crassus
315 1239 447 1315 componi
467 1257 549 1315 posse
575 1239 707 1297 dicebat:
734 1250 765 1297 ut
785 1259 893 1318 genere

105 1353 200 1392 rerum
220 1335 343 1410 primum
364 1345 584 1411 exponerentur,
599 1335 629 1392 in
648 1355 705 1410 quo
718 1336 818 1394 vitium
838 1347 891 1409 cst,
907 1344 940 1394 lo
1009 1358 1011 1362 ·

106 1430 129 1486 si
149 1449 241 1506 genus
262 1431 350 1488 ullum
371 1431 619 1507 praetermittntur:
642 1431 748 1491 deinde
767 1433 893 1509 singulo·

105 1545 168 1585 rum
188 1545 326 1603 generum
347 1538 451 1603 partes,
472 1528 501 1584 iu
522 1547 580 1602 quo
599 1539 629 1586 et
648 1529 748 1586 deesse
769 1529 892 1605 aliquem

105 1634 225 1699 partem,
240 1634 269 1681 et
288 1642 432 1699 superero,
447 1624 616 1682 mendosum
636 1635 695 1682 est:
716 1635 777 1682 turn
794 1626 893 1684 serbo-

105 1739 168 1778 rum
188 1720 316 1778 omnium
338 1719 529 1791 definitiones,
551 1720 581 1778 in
601 1721 705 1796 quibus
725 1740 819 1796 neque
846 1722 893 1780 nb-

105 1835 168 1874 erse
182 1816 337 1893 quidquam
351 1816 445 1888 decet,
459 1835 552 1894 neque
566 1817 735 1876 redundare.
908 1821 939 1872 15

145 2009 214 2068 xx.
246 2010 306 2068 ees
325 2009 382 2068 hoe
402 2010 426 2068 n
447 2010 476 2069 u
500 2010 566 2088 jure
593 2011 681 2082 eron,
701 2011 726 2070 si
746 2011 834 2070 eoam
860 2012 891 2072 n
987 1996 992 2006 “

105 2107 199 2183 parvis
220 2117 269 2166 eut
288 2107 482 2166 mediocribus
501 2109 589 2166 rebus
608 2107 751 2166 doctiores
778 2108 891 2184 sesequi

105 2213 240 2280 possunt;
275 2221 333 2262 non
361 2203 436 2262 idem
466 2203 571 2275 sentio,
596 2204 678 2262 tsntd
702 2203 766 2262 boc
792 2203 823 2262 in
848 2223 890 2277 re,

105 2311 221 2377 temque
242 2300 391 2371 immensu,
411 2319 496 2377 posse
519 2300 590 2359 fieri
646 2299 698 2357 Sin
722 2309 818 2359 cutem
842 2300 891 2376 qui

106 2397 288 2468 arbitrantur,
316 2395 478 2455 deducendi
512 2406 579 2454 sunt
606 2396 642 2454 nd
668 2413 719 2454 eos
747 2396 796 2472 qui
829 2396 891 2455 brec
907 2402 940 2453 w

42 2489 46 2495 ’
104 2494 228 2551 docent:
250 2493 347 2552 omnis
364 2493 422 2570 jam
443 2493 587 2569 explicatu
604 2503 634 2550 et
652 2492 795 2570 perpolite
817 2511 892 2552 esse·

105 2599 244 2665 quentur;
265 2599 333 2648 sunt
352 2590 429 2648 enim
450 2589 674 2648 innumerabiles
687 2589 724 2647 de
741 2589 788 2647 his
806 2588 892 2648 rebus

104 2685 182 2758 libri,
196 2704 289 2762 neque
311 2686 400 2744 abditi
419 2705 513 2763 neque
527 2685 652 2746 obscuri.
693 2686 751 2744 Sed
765 2687 890 2758 videant,

104 2782 173 2858 quid
188 2782 291 2853 reliut;
314 2782 351 2840 ed
370 2781 576 2853 ludendumne,
591 2801 628 2840 sn
642 2781 678 2839 od
694 2783 891 2860 pugnandum,

105 2897 185 2939 arms
204 2879 262 2937 siut
282 2879 411 2938 sumturi.
452 2879 542 2938 Aliud
560 2879 638 2937 enim
650 2897 749 2956 pugne
760 2888 790 2935 et
803 2878 890 2956 ecies,
907 2884 940 2936 ὕ
986 2939 989 2944 ,

92 2975 184 3036 ‚eliud
203 2975 289 3035 ludus
309 2994 484 3054 campusque
510 2986 618 3047 noster,
639 2974 789 3034 desideret.
839 2976 892 3034 At·

98 3081 201 3146 ,temen
222 3091 269 3134 ers
288 3073 349 3150 ipss
368 3071 480 3135 ludicre
498 3076 641 3148 armorum
654 3081 682 3130 et
696 3070 848 3151 gladiatori
861 3081 892 3130 et
