2167 3567
140 330 180 389 44
459 341 502 389 us
524 341 688 390 onarone.
896 340 966 402 [eu

188 489 263 565 quod
283 490 419 562 nesciam,
434 490 512 563 iicet,
526 491 619 565 iuquit
637 489 769 563 Crassus,
782 500 876 547 restro
897 490 969 548 rubi·

186 584 261 643 tratu
289 586 504 662 percontemini.
559 589 665 662 Atque,
693 588 785 661 inquit
811 587 968 663 Sulpicius,

187 682 242 739 hoc
274 682 396 757 primum
431 702 466 739 ex
499 693 536 753 te,
564 684 600 739 de
627 702 683 757 quo
710 682 795 740 modo
821 683 970 740 Antonius

187 777 325 852 exposuit,
353 778 420 852 quid
448 778 563 849 sentias,
590 778 757 852 quaerimus3
785 777 969 835 existimesne

155 880 172 928 5
189 884 275 931 artem
298 874 420 949 aliquam
435 893 497 931 esse
511 875 634 931 dicendi.
674 873 777 936 Quint
799 873 867 931 mihi
888 893 969 932 nunc

185 987 246 1041 vus,
274 970 366 1045 iuquit
398 970 528 1042 Crassus,
553 980 690 1046 tauquam
720 970 806 1027 alicui
832 970 969 1027 Graeculo

187 1066 279 1123 otioso
293 1078 321 1124 et
334 1067 458 1141 loquaci,
473 1077 501 1123 et
515 1067 632 1124 sortasse
646 1067 733 1125 docto
747 1078 830 1141 atque
843 1066 967 1138 erudito,

187 1162 432 1237 quaesriuncuiam,
457 1162 492 1219 de
519 1164 576 1238 qud
603 1181 667 1219 meo
693 1163 829 1219 arbitratu
856 1163 967 1237 loquar,

185 1259 311 1334 ponitisi
363 1258 491 1320 Quando
518 1259 595 1315 enim
622 1278 668 1316 me
694 1258 748 1316 ista
774 1258 890 1315 curdsse
918 1269 969 1315 aut

140 1360 171 1409 10
187 1354 329 1430 cogitasse
357 1354 541 1425 arbitramini,
566 1364 596 1411 et
621 1372 679 1411 non
707 1372 817 1429 semper
844 1354 968 1413 irrisisse

184 1450 280 1525 potius
301 1468 397 1506 eorum
420 1450 565 1507 hominum
587 1450 801 1525 impudentiam,
822 1450 871 1525 qui
899 1468 967 1507 cum

186 1544 216 1602 in
237 1545 336 1611 scholi
358 1546 536 1616 assedissem,
558 1565 594 1603 ex
613 1546 717 1622 magud
743 1546 891 1603 hominum
913 1546 969 1603 fre-

186 1640 302 1714 quentid
323 1641 420 1697 dicere
437 1640 579 1716 juberent,
594 1640 617 1697 si
638 1642 701 1716 quis
720 1642 787 1716 quid
807 1644 968 1717 quaerereti

185 1736 274 1797 Quod
296 1738 417 1812 primum
444 1737 537 1794 serunt
565 1737 738 1794 Leontinum
766 1737 868 1795 secisse
894 1738 969 1795 Gor·

141 1842 171 1889 15
186 1832 279 1909 giam3
307 1832 356 1907 qui
382 1852 568 1909 permagnum
598 1834 732 1909 quiddam
760 1834 906 1909 suscipere
932 1853 969 1891 ac

185 1927 311 2003 profiteri
332 1929 488 1998 videbatur,
504 1948 569 1985 cum
590 1947 621 1985 se
642 1930 676 1986 ad
694 1931 799 1999 omnia,
814 1930 969 2005 dequibus

186 2024 304 2099 quisque
326 2024 423 2081 audire
435 2024 530 2096 veliet,
545 2043 607 2081 esse
627 2035 755 2101 paratum
776 2025 966 2083 denuntiaret.

186 2120 289 2177 Postea
309 2140 375 2177 vero
396 2120 479 2196 vulgo
500 2121 556 2177 hoe
577 2121 672 2178 facere
692 2132 848 2196 coeperunt,
869 2121 968 2178 hodie-

186 2235 242 2291 que
263 2217 380 2288 saeiunt,
397 2226 427 2273 ut
447 2216 525 2274 nulla
538 2216 574 2273 sit
588 2235 643 2288 res,
657 2236 751 2292 neque
770 2227 858 2287 tauta,
873 2236 968 2291 neque

137 2326 171 2375 20
186 2323 244 2370 tam
265 2314 425 2389 improvisa,
440 2332 531 2389 neque
552 2323 610 2370 tam
631 2332 713 2383 nova,
729 2312 765 2369 de
785 2314 840 2387 qud
861 2331 892 2369 se
908 2332 966 2371 uon

183 2410 292 2480 omnia,
307 2429 368 2485 quaa
379 2410 439 2467 dici
453 2420 581 2486 possunt,
595 2410 780 2486 profiteantur
800 2428 862 2466 esse
876 2409 968 2465 diotu-

186 2524 242 2563 ros.
282 2506 372 2567 Quod
392 2506 414 2562 si
435 2517 473 2576 te,
489 2506 584 2577 Cotta,
608 2506 767 2575 arbitrarer,
783 2517 831 2562 aut
850 2517 888 2576 te,
903 2505 968 2563 Sul·

186 2601 255 2678 pici,
277 2602 312 2658 de
332 2601 367 2658 iis
386 2601 471 2657 rebus
493 2601 590 2658 audire
610 2601 691 2672 veile,
710 2600 889 2659 adduxissem
910 2601 968 2659 hue

187 2698 319 2754 Graecum
342 2696 472 2772 aliquem,
488 2696 536 2771 qui
553 2715 602 2753 vos
622 2697 782 2756 istiusmodi
803 2697 969 2774 disputatio-

138 2804 172 2854 25
187 2792 271 2849 nibus
291 2791 461 2849 delectaret:
483 2794 558 2867 quod
578 2810 615 2850 ne
631 2812 709 2851 nunc
723 2795 835 2869 quidem
850 2794 968 2852 difficile

187 2889 265 2946 sactu
285 2898 335 2945 est.
377 2888 429 2945 Est
449 2888 526 2945 enim
548 2890 621 2964 apud
643 2888 684 2948 M.
699 2890 844 2963 Pisonem,
860 2892 968 2948 adoles·

187 2994 299 3043 centem
317 2985 375 3061 jam
396 2984 464 3041 huic
484 2984 580 3042 studio
600 2985 738 3058 deditum,
753 3004 864 3043 summo
878 2987 968 3044 homi·

186 3100 252 3139 nem
267 3080 392 3159 ingenio,
407 3080 552 3156 nostrique
566 3081 793 3159 cupidissimum,
806 3082 979 3160 peripateti·⁴
