2167 3567
116 317 197 378 an]
396 319 439 368 ar
461 318 624 368 cantone
888 311 942 368 151

116 465 201 524 nitas.
250 465 284 524 In
305 484 362 542 quo
382 477 425 526 est
439 467 487 526 illa
506 468 623 543 quidem
642 487 747 546 magna
766 467 898 537 offensio,

118 563 160 620 vel
185 564 375 640 negligentiae,
396 565 536 640 susceptis
562 565 663 635 rebus;
690 566 734 622 vei
760 564 897 641 perfidiae,

116 660 256 735 receptis:
284 661 439 718 sedetiam
468 661 517 718 illa
541 661 631 737 major
656 661 800 736 opinione,
821 661 898 736 quod

116 775 202 812 nemo
228 766 330 832 potest,
351 757 387 814 dc
414 756 449 814 ed
475 775 506 814 re
532 777 618 832 quam
643 777 702 815 nou
728 759 817 830 norit,
838 776 897 815 non

116 853 278 929 turpissime
299 853 403 910 dicere.
443 852 488 910 Ita
508 853 575 910 dum
597 853 705 910 inertiae
720 854 928 930 vituperatioo

116 968 192 1021 nem,
214 968 276 1023 quae
297 949 384 1026 major
411 959 464 1020 est,
486 960 682 1036 contemnunt,
711 961 897 1025 assequuntur

116 1045 203 1103 etiam
224 1045 310 1116 illam,
324 1063 409 1120 quam
430 1045 520 1122 magis
540 1046 592 1122 ipsi
612 1046 733 1122 fugiunt,
748 1047 906 1107 tarditatis..

116 1141 257 1216 Equidem
278 1141 356 1198 soleo
376 1141 444 1198 dare
464 1159 590 1216 operam,
605 1152 636 1198 ut
651 1142 688 1198 de
707 1143 759 1198 sud
779 1142 897 1217 quisque

116 1255 149 1294 rc
162 1255 209 1294 me
223 1237 282 1312 ipse
296 1236 407 1308 doceat,
422 1248 460 1309 et,
475 1247 507 1294 ut
522 1256 560 1294 ae
571 1238 635 1312 quis
650 1237 722 1296 alius
744 1238 826 1308 adsit,
841 1257 897 1312 quo

116 1332 235 1392 liberius
254 1333 394 1407 loquatur,
409 1344 437 1390 et
452 1352 535 1410 agere
555 1332 707 1390 adversarii
726 1351 851 1404 causam,
866 1345 898 1390 ut
912 1341 944 1389 10

117 1429 166 1486 ille
187 1439 251 1506 agat
271 1448 361 1500 suam,
376 1440 413 1500 et,
428 1428 566 1503 quidquid
586 1429 623 1485 de
642 1431 696 1486 sud
708 1447 739 1486 re
753 1430 897 1506 cogitirit,

116 1523 146 1582 in
167 1524 293 1581 medium
313 1524 442 1600 proferat.
482 1522 593 1598 Itaque,
614 1542 680 1585 cum
695 1524 743 1582 ille
755 1524 897 1596 discessit,

116 1631 174 1678 tres
193 1638 330 1696 personas
350 1639 423 1678 unus
443 1620 570 1678 sustineo
585 1621 697 1678 summi
711 1620 796 1677 animi
811 1621 898 1695 seqni-

115 1727 183 1789 tate,
205 1735 308 1788 maun,
330 1715 490 1788 adversarii,
509 1715 624 1792 judicis.
671 1715 733 1778 Qui
755 1716 835 1774 locus
854 1727 897 1774 est

115 1813 190 1884 talis,
205 1812 313 1888 utplus
328 1812 430 1870 habeat
444 1811 599 1887 adjumenti
613 1831 698 1886 quam
711 1813 896 1884 incommodi,
912 1813 943 1862 15

116 1909 195 1966 huuc
212 1908 311 1985 judico
323 1927 386 1965 esse
400 1907 571 1966 dicendum}
592 1907 641 1964 ubi
653 1908 718 1983 plus
731 1908 798 1966 mali
812 1927 898 1983 quam

115 2005 185 2062 boni
211 2005 333 2081 reperio,
358 2004 386 2061 id
413 2014 504 2061 totum
532 2003 666 2079 abjudico
693 2014 777 2078 atque
803 2002 896 2079 ejicio,

115 2101 162 2160 Ita
188 2119 332 2177 assequor,
359 2112 391 2158 ut
418 2099 473 2158 alio
506 2109 633 2174 tempore
666 2100 801 2176 cogitem,
828 2099 896 2173 quid

116 2197 221 2268 dicam,
236 2207 265 2255 et
279 2197 336 2255 aiio
349 2196 460 2254 dicam:
481 2213 545 2270 quae
558 2195 615 2252 duo
628 2194 757 2271 plerique
779 2195 896 2270 ingenio

116 2294 190 2364 freti,
210 2293 292 2352 simul
314 2291 439 2349 faciunt:
459 2290 510 2370 sed
531 2301 608 2348 certe
629 2290 715 2348 iidem
735 2289 776 2346 illi
796 2290 898 2347 melius
910 2298 942 2346 ω

117 2390 263 2464 aliquanto
299 2388 438 2457 dicerent,
474 2386 498 2443 si
532 2386 609 2443 aliud
642 2385 810 2444 sumendum
843 2385 898 2442 sibi

114 2495 228 2561 tempus
249 2477 284 2544 sd
303 2483 497 2561 cogitandum,
520 2483 596 2540 aliud
619 2482 655 2540 ad
676 2482 830 2540 dicendum
848 2499 900 2558 pu·

116 2591 217 2640 tarent

155 2678 230 2736 Cum
251 2696 310 2734 rem
331 2675 446 2752 penitus
465 2693 637 2750 causamque
657 2675 789 2753 cognovi,
803 2674 898 2733 statim

115 2773 243 2832 occurrit
263 2773 370 2842 animo,
390 2791 453 2847 quas
473 2771 510 2828 sit
529 2791 618 2829 causa
637 2771 771 2847 ambigui.
816 2771 898 2828 Nihil
910 2777 943 2826 25

115 2881 159 2928 est
173 2870 260 2942 enim,
275 2870 349 2944 quod
363 2869 436 2926 inter
457 2867 588 2924 homines
608 2867 777 2944 ambigatur,
791 2866 850 2923 sire
864 2886 901 2924 cx

116 2967 236 3026 crimine
270 2985 357 3024 causa
388 2974 510 3038 constet,
537 2975 570 3020 ut
595 2962 741 3030 facinoris,
773 2963 833 3020 sive
864 2982 901 3021 cx

116 3062 322 3136 controversid„
331 3073 363 3122 ut
376 3060 551 3134 hereditatis,
562 3060 621 3119 sire
633 3079 671 3120 ex
682 3058 899 3132 deliberatione,
