2167 3567
107 257 135 304 L.
147 257 189 318 n]
392 259 435 309 DE
457 260 619 312 ORATORE.
702 309 705 314 ,
882 251 938 309 117

107 405 256 466 suavitatis
277 407 382 483 aliquid
404 408 558 484 impertias.
599 409 652 468 Sin
672 408 725 467 tibi
746 407 775 466 id
799 406 894 467 minus

107 502 219 576 libebit,
240 522 299 562 non
325 515 354 564 te
381 507 501 586 urgebo,
524 525 617 582 neque
644 506 831 576 committam,
851 516 892 578 ut,

107 599 177 657 dum
193 620 315 672 vereare,
330 612 361 661 tu
382 622 418 660 ne
440 603 479 662 sis
499 601 622 678 ineptus,
636 621 682 660 me
696 621 759 660 esse
769 603 891 680 judices.

106 695 187 754 Tum
215 698 272 770 ille,
297 697 371 776 Ego,
396 698 570 770 mehercule,
598 698 699 773 inquit,
726 699 832 772 Caeser,
857 718 893 757 ex

107 793 242 852 omnibus
269 795 379 852 Latinis
406 796 508 866 verbis,
536 794 620 871 hujus
645 795 724 852 verbi
758 795 814 852 vim
848 796 922 853 vele

108 889 260 947 maximam
282 910 392 968 semper
412 891 525 968 putavi:
547 909 631 966 quem
651 891 728 948 enim
750 908 803 948 nos
816 892 892 968 inep-

107 995 166 1043 tum
193 1006 337 1059 vocemus,
362 988 386 1045 is
410 987 481 1046 mihi
503 987 614 1044 videtur
641 988 677 1044 eb
704 987 760 1045 hoo
785 1007 892 1046 nomen

107 1081 215 1140 babere
235 1083 363 1158 ductum,
384 1084 459 1160 quod
480 1103 535 1142 non
562 1083 599 1140 sit
625 1092 729 1159 optus:
755 1083 840 1160 idque
862 1085 892 1142 in

108 1179 246 1238 sermonis
260 1179 349 1237 nostri
365 1180 573 1238 consuetudine
583 1180 691 1255 perlate
701 1190 787 1255 petet.
814 1180 891 1238 Nem

109 1276 158 1352 qui
183 1287 240 1348 eut,
264 1287 375 1354 tempus
401 1277 469 1355 quid
491 1277 626 1353 postulet,
650 1295 710 1334 non
733 1277 819 1348 videt,
844 1288 892 1336 eut
907 1284 937 1332 1⁰

108 1371 191 1448 plura
210 1372 344 1448 loquitur,
366 1384 413 1432 eut
433 1391 464 1430 se
484 1383 618 1445 ostentet,
640 1383 689 1432 eut
708 1391 818 1446 eorum,
832 1374 893 1448 qui·

109 1467 230 1524 boscum
250 1478 303 1539 est,
318 1468 360 1525 vel
375 1467 521 1545 dignitatis
534 1469 578 1526 vel
594 1469 737 1529 commodi
751 1469 892 1528 rationem

109 1582 168 1621 non
196 1563 290 1636 habet,
316 1574 364 1622 aut
391 1565 514 1640 denique
537 1564 568 1622 in
593 1565 688 1639 aliquo
714 1583 821 1643 genere
844 1575 893 1624 aut

110 1657 301 1741 inconcinnus
326 1671 373 1718 eut
396 1661 502 1720 multus
522 1671 576 1733 est,
598 1661 623 1718 is
645 1661 759 1737 ineptus
777 1661 891 1720 dicitur.

110 1755 178 1815 Hoc
191 1756 260 1815 vitio
281 1758 427 1816 cumulate
445 1769 488 1816 est
507 1757 700 1816 eruditissima
716 1758 765 1816 illa
777 1758 893 1816 Graeco-
908 1756 938 1806 15

110 1872 173 1912 rum
194 1854 289 1911 notio:
310 1853 415 1929 itaque,
430 1855 506 1929 quod
526 1854 584 1910 vim
605 1854 689 1932 hujus
708 1854 777 1913 meli
797 1855 892 1913 Graeoi

110 1968 168 2007 non
183 1949 289 2020 vident,
304 1968 341 2006 ne
355 1969 460 2008 nomen
480 1950 595 2026 quidem
613 1950 642 2008 ei
663 1949 733 2007 vitio
753 1950 894 2027 imposue-

110 2057 193 2103 runt:
220 2055 251 2104 ut
271 2047 348 2104 enim
370 2065 478 2121 quaerns
500 2046 607 2118 omnia,
627 2046 771 2122 quomodo
797 2047 892 2105 Graeci

111 2139 239 2216 ineptum
260 2140 410 2218 appellent,
431 2160 488 2198 non
512 2143 646 2218 reperies.
687 2140 825 2198 Omnium
847 2161 894 2198 eu·

112 2245 169 2294 tem
191 2237 370 2313 ineptiarum,
386 2235 461 2312 (quie
482 2247 548 2294 sunt
566 2237 802 2316 innumerabiles)
817 2237 891 2295 haud
906 2243 938 2292 2⁰

112 2333 175 2390 scic
203 2353 238 2392 en
267 2332 371 2413 [nulla]
400 2333 437 2391 sit
464 2333 562 2410 major,
588 2352 673 2409 quem
706 2333 817 2392 illorum
846 2335 895 2411 qui

112 2429 215 2500 solent,
238 2448 419 2505 quocumque
442 2429 472 2486 in
499 2429 576 2501 loco,
599 2446 793 2506 quoscumque
821 2430 895 2488 inter

113 2523 243 2583 homines
257 2525 347 2582 visum
368 2536 420 2596 est,
435 2525 472 2582 de
492 2526 578 2584 rebus
595 2536 644 2584 eut
657 2526 833 2584 difficillimis
848 2536 895 2585 eut

113 2640 172 2679 non
201 2621 379 2693 necessariis,
407 2622 587 2698 argutissime
620 2622 774 2698 disputare.
827 2622 895 2680 Hoc

113 2736 166 2796 nos
182 2718 217 2774 eb
232 2718 292 2776 istis
314 2717 543 2778 adolescentibus
563 2719 658 2776 facere
678 2719 760 2778 inviti
773 2729 803 2777 et
815 2738 896 2777 reeu-
907 2723 952 2778 25.

112 2823 209 2882 sontes
224 2813 285 2872 beri
300 2814 391 2874 coacti
405 2833 511 2874 sumus.

153 3007 190 3068 V.
221 3006 300 3066 Tum
321 3006 451 3080 Catulus,
471 3005 518 3067 Ne
539 3007 635 3068 Greci
654 3007 779 3085 quidem,
794 3007 896 3084 inquit,
