2167 3567
146 299 184 359 la
463 307 506 355 oe
528 308 691 355 onauoao.
902 311 943 370 [u.
954 312 980 356 1.

187 458 375 533 pulvinosque
394 459 569 535 poposcisse,
583 470 614 517 et
626 478 728 517 omnes
747 459 777 517 in
797 459 834 516 iis
847 459 977 531 sedibus,

188 573 251 630 quae
265 565 347 615 erant
360 556 414 612 sub
428 556 554 632 platano,
569 556 735 613 consedisse
747 556 870 614 dicebat

226 749 309 807 VIII.
330 749 386 821 Ibi,
402 760 433 807 ut
447 769 482 808 ex
494 749 616 824 pristino
628 768 758 807 sermone
776 750 975 807 relaxarentur

188 846 275 903 animi
295 847 431 917 omnium,
453 846 561 904 solebat
581 847 669 904 Cotta
687 865 814 917 narrare,
834 846 975 909 Crassum
1074 921 1075 930 ἵ

158 947 347 999 bsermonem
368 942 511 1017 quendam
527 942 564 998 de
580 942 676 999 studio
693 942 810 999 dicendi
830 942 973 999 intulisse.
1074 937 1075 942 '

186 1038 248 1100 Qui
269 1032 338 1095 cnm
351 1038 391 1097 ita
406 1050 481 1097 esset
501 1058 636 1096 exorsus:
657 1038 724 1095 Non
746 1038 801 1095 sibi
821 1038 976 1096 cohortata·
1074 1065 1075 1074 ¹

187 1136 255 1193 duna
276 1135 435 1212 Sulpicium
450 1145 479 1193 et
494 1135 621 1206 Cottam,
635 1133 685 1191 sed
706 1134 798 1210 magis
815 1142 974 1209 utromque

188 1231 408 1289 collaudandum
433 1232 532 1302 videri,
553 1232 630 1306 qnod
656 1240 765 1287 tantam
788 1230 848 1306 jam
874 1242 975 1287 essent

187 1326 352 1384 facultatem
374 1327 478 1401 adepti,
493 1336 525 1383 ut
545 1346 604 1384 non
625 1326 780 1401 aequalibus
800 1327 859 1384 suis
876 1326 974 1385 solum

142 1431 173 1481 1⁰
188 1434 435 1499 anteponerentur,
449 1422 499 1479 sed
515 1442 581 1479 cum
595 1423 749 1497 majoribus
768 1433 838 1479 nutu
858 1441 975 1498 compa-

187 1529 324 1576 rarentur.
375 1518 479 1591 Neque
500 1536 568 1573 vero
588 1518 660 1573 mihi
681 1518 845 1592 quidquam,
866 1519 972 1593 inquit,

186 1613 375 1691 praestabilius
390 1613 510 1685 videtur,
524 1632 608 1688 qnam
628 1632 712 1688 posse
732 1614 856 1672 dicendo
872 1624 973 1673 tenere

186 1708 334 1767 bominum
370 1720 471 1781 cretus,
505 1720 615 1767 mentes
652 1709 794 1783 allicere,¹
810 1711 972 1770 voluntates

187 1805 340 1883 impellere,
355 1825 412 1881 quo
431 1806 515 1875 velit3
537 1806 613 1863 unde
634 1817 729 1864 autem
749 1808 827 1878 velit,
846 1809 972 1866 deduce-

142 1911 173 1960 15
187 1922 225 1961 re.
267 1902 340 1959 Haec
360 1921 418 1959 una
437 1921 482 1958 res
497 1902 618 1959 inomni
638 1903 729 1961 libero
747 1904 862 1979 populo,
882 1905 972 1962 maxi·

187 2018 288 2073 meque
302 1999 332 2056 in
345 1999 455 2075 pacatis
476 1999 691 2074 tranquillisque
712 2000 885 2072 civitatibus,
900 2021 971 2076 prae-

187 2094 271 2170 cipue
292 2112 402 2170 semper
423 2094 528 2167 floruit,
547 2114 718 2171 semperque
745 2096 891 2153 dominata
916 2106 969 2153 est.

185 2190 268 2253 Quid
292 2192 368 2249 enim
392 2203 435 2249 est
464 2202 511 2250 aut
537 2202 597 2251 tam
625 2192 800 2263 admirabile,
824 2210 908 2267 quam
933 2211 971 2249 ex

186 2288 299 2347 Infinitla
326 2289 506 2349 multitudine
534 2291 683 2348 hominum
715 2290 836 2346 existere
869 2308 968 2357 unum,

131 2384 235 2459 'aequi
262 2383 300 2455 id,
329 2385 403 2457 quod
431 2386 564 2442 omnibus
597 2384 700 2440 natnrd
726 2384 763 2441 eit
789 2384 896 2456 datum,
923 2385 969 2442 vel

185 2477 272 2545 aolus,
293 2479 336 2533 vel
362 2496 427 2535 cum
442 2479 555 2552 paucis
581 2478 676 2534 Iacere
702 2478 810 2552 possit‘l
838 2490 887 2537 aut
909 2492 968 2539 tam

182 2568 341 2645 jucundum
362 2572 481 2647 cognitu
502 2581 586 2644 atque
608 2572 716 2641 auditu,
731 2591 816 2646 quam
836 2575 971 2649 sapienti·

185 2666 239 2725 bus
259 2666 408 2723 sententiis
430 2666 619 2742 gravibusque
640 2667 734 2723 verbis
753 2678 855 2725 ornata
877 2672 970 2729 oratio

184 2774 214 2822 et
226 2762 335 2840 polita‘l
360 2773 408 2819 aut
427 2773 484 2819 tam
505 2773 618 2838 potens,
639 2773 752 2837 tamque
773 2764 968 2839 magnificum,

138 2868 172 2920 25
185 2880 270 2936 quam
289 2859 387 2937 populi
408 2870 512 2931 motus,
525 2859 655 2935 judicum
673 2859 838 2936 religiones,
853 2860 970 2917 senatus

182 2957 362 3033 gravitatem,
395 2954 481 3014 unius
516 2954 647 3018 oratione
679 2955 829 3013 convertil
887 2955 970 3040 Quid
