2167 3567
120 347 205 410 unz]
288 314 289 320 ¹
404 351 454 400 ou·
469 351 632 399 onnroac
896 341 952 400 157

123 517 202 557 nunc
222 515 268 556 me
288 499 442 576 explicare,
462 502 518 576 qui
538 500 648 558 ratione
669 509 718 558 aut
738 498 908 556 confirmare

125 605 174 653 ant
193 595 337 654 infirmare
364 607 460 670 testes,
482 598 603 668 tabulina,
623 596 804 671 questionae,
824 613 908 670 opor·

121 699 200 748 tent.¹
242 691 403 750 flaeesum
423 693 520 750 omnic
543 693 653 769 ingenii
671 692 715 748 vcl
743 690 907 762 mediocria,

122 787 337 846 exercitationis
357 798 450 846 autem
469 788 615 846 maximae:
638 798 726 845 anem
739 786 864 862 quidem,
878 797 909 844 et

121 893 265 959 precepta
284 885 422 942 duntaxat
442 884 582 942 hactenus
600 883 757 959 requirunt,
771 894 803 942 ut
821 884 939 942 cortice

123 979 240 1036 dicendi
260 979 416 1038 luminibus
436 990 582 1038 ornentur.
622 979 753 1055 Itemque
772 980 830 1052 illa,
844 999 908 1056 quar

122 1086 189 1134 nunt
203 1076 318 1132 alterius
332 1076 455 1153 generis,
470 1093 532 1151 quae
546 1085 608 1133 tota
621 1075 657 1133 ab
670 1087 781 1133 oratore
794 1076 908 1152 pariun-

121 1182 178 1243 tur,
192 1173 433 1248 excogitationem
454 1191 510 1231 non
520 1169 523 1178 ’
532 1173 638 1230 habent
651 1168 807 1243 difficilem,
821 1173 909 1247 expli·

123 1268 266 1326 nationem
287 1269 377 1345 magle
398 1268 534 1326 illustrem
556 1268 782 1344 perpolitamque
799 1267 909 1326 deside·

122 1377 194 1422 rant.
241 1363 351 1438 Itaque,
379 1373 445 1422 curn
473 1365 535 1422 haec
561 1365 729 1421 duonobie
755 1363 908 1439 quaerenda
922 1372 954 1422 1⁰

121 1461 180 1518 elnt
200 1460 229 1517 in
250 1461 353 1531 causis,
374 1462 496 1536 primurn
523 1461 603 1536 quid,
623 1460 730 1517 deinde
752 1460 906 1534 quomodo,
948 1483 951 1489 ·

120 1557 267 1626 dictamum
303 1557 432 1628 alterum,
460 1557 537 1632 quod
566 1567 658 1614 toturn
692 1566 752 1614 arte
785 1557 907 1614 tinctum

122 1653 243 1724 videtur,
258 1653 369 1712 tametsi
385 1663 473 1710 artem
490 1653 619 1728 requirit,
633 1663 730 1710 tamen
749 1653 907 1727 prudentiae

121 1759 165 1806 est
185 1767 268 1824 paene
286 1749 448 1821 mediocris,
470 1750 538 1825 quid
559 1747 713 1806 dicendum
733 1748 780 1819 ait,
795 1748 907 1805 ridere:

122 1845 242 1903 alterum
274 1855 327 1915 cut,
351 1845 384 1902 in
412 1863 469 1920 quo
501 1845 624 1902 oratoria
649 1845 693 1901 ria
718 1844 767 1901 illa
800 1843 905 1915 divina,
923 1856 954 1904 15

121 1942 266 2016 virtusque
285 1941 419 2011 cernitur,
434 1959 478 2010 ec,
493 1959 556 2015 quae
569 1940 693 1998 dicenda
705 1950 781 2011 aunt,
795 1951 905 2013 ornate,

122 2037 246 2114 copiose,
261 2037 393 2112 varieque
407 2037 513 2095 dicere.

112 2275 119 2296 .
160 2227 305 2288 XXVIII.
335 2227 437 2290 Quare
467 2228 546 2286 illam
577 2238 688 2305 partem
720 2228 905 2304 superiorem,

120 2325 255 2402 quoniam
277 2325 363 2382 semel
386 2325 426 2382 itu
447 2325 528 2382 vobis
548 2325 666 2400 placuit,
686 2343 744 2382 non
765 2327 906 2383 recusabo

121 2439 179 2496 quo
199 2419 293 2478 minus
309 2422 468 2497 perpoliam
494 2432 580 2495 atque
607 2421 775 2479 conficiam:
805 2421 906 2498 (quum
921 2434 954 2484 2⁰

120 2528 182 2576 tum
202 2511 371 2592 concoquit,
384 2534 434 2574 ros
443 2538 446 2548 ¹
451 2516 618 2594 judicabitis
628 2519 652 2596 ε)
670 2518 773 2592 quibus
786 2536 821 2574 ex
834 2518 907 2576 locis

122 2614 157 2671 ad
181 2631 231 2672 eas
253 2607 320 2671 tras'
333 2631 388 2685 rea,
409 2632 471 2689 qum
494 2614 529 2671 od
551 2614 636 2672 fidem
658 2610 816 2672 faciendam
838 2615 906 2672 colar

121 2709 225 2782 valent,
239 2709 360 2767 ducatur
381 2710 482 2781 oratio,
497 2720 529 2767 ut
548 2720 578 2768 et
597 2710 790 2768 concilientur
807 2710 905 2784 animi,

121 2816 151 2864 et
171 2807 338 2876 doceantur,
358 2816 388 2863 et
407 2816 583 2864 moveantur.
636 2805 723 2883 [Hoc
743 2817 814 2864 cont
828 2807 906 2864 enim

120 2900 176 2960 tria
194 2919 315 2960 numero
326 2901 346 2983 :]
369 2919 404 2960 aa
423 2919 490 2960 vero
510 2903 752 2978 quemadmodum
766 2902 907 2961 illustren-
921 2914 954 2962 25

120 3009 177 3069 tar,
190 3009 294 3075 prerto
308 3007 360 3068 est,
375 2997 424 3073 qni
438 3015 538 3058 omnen
551 2999 656 3055 docere
675 2998 774 3073 poscit,
788 2999 836 3074 qui
850 2999 907 3057 hoo

122 3094 233 3174 primm
254 3093 284 3153 iu
307 3105 422 3163 neuros
446 3111 541 3154 morea
566 3094 694 3169 induxit,
711 3094 762 3171 qui
783 3096 906 3156 marim
