2167 3567
109 330 184 391 nr]
397 328 440 377 nn
462 312 628 376 onerosa
906 312 944 373 41

156 476 242 537 XXI.
276 476 411 553 Tumque
445 496 509 555 ego,
543 478 599 560 lrac
630 474 731 533 eddem
764 472 901 551 opinione

118 575 268 645 adductus,
284 574 385 649 scripsi
406 576 490 632 etiam
512 574 582 631 illud
601 573 724 649 quodam
745 572 774 629 in
793 571 900 642 libello,

115 670 166 745 qui
181 690 228 727 me
242 671 421 746 imprudente
442 680 470 727 et
491 670 581 727 invito
601 669 716 740 excidit,
731 679 760 727 et
772 667 901 744 pervenit

113 767 144 825 in
167 786 271 824 manus
291 767 448 839 hominnm,
464 766 585 824 disertos
604 784 651 823 me
670 763 811 841 cogndsse
830 782 902 821 non·

112 863 222 934 nullos,
244 863 423 938 eloquentem
446 862 540 921 adhuc
560 862 720 919 neminem:
742 861 816 937 quod
834 864 932 917 eumd

113 960 278 1015 statuebam
294 958 443 1029 disertum,
457 958 505 1033 qui
519 967 614 1033 posset
627 957 696 1014 satis
710 968 802 1028 acute,
818 967 901 1033 atque

114 1054 256 1126 dilucide,
272 1054 344 1131 apud
365 1053 525 1111 mediocres
546 1053 684 1125 homines,
703 1072 738 1110 ex
758 1054 901 1111 communi

116 1151 242 1225 quddam
263 1151 409 1227 opinione,
427 1150 540 1220 dicere3
562 1150 743 1225 eloquentem
762 1167 840 1221 vero,
853 1149 902 1224 qui

116 1247 278 1305 mirabilius
292 1257 321 1305 et
335 1246 564 1323 magnificentius
585 1264 691 1323 angere
708 1256 805 1321 posset
819 1255 902 1321 atque

116 1361 232 1414 ornare,
253 1363 316 1418 quae
343 1344 437 1413 vellet,
462 1348 616 1419 omnesque
642 1343 769 1400 omnium
797 1360 901 1415 rernm,
917 1346 949 1397 1⁰

116 1460 182 1515 quae
204 1440 238 1497 ad
260 1440 414 1497 dicendum
434 1440 619 1515 pertinerent,
638 1440 731 1498 fontes
752 1439 848 1497 animo
868 1458 903 1497 ac

117 1536 258 1593 memorii
280 1537 447 1594 contineret.
501 1536 534 1592 Id
556 1536 580 1592 si
600 1546 644 1593 est
666 1533 782 1593 difficile
807 1534 902 1607 nobis,

113 1632 168 1707 qui
191 1642 266 1704 ante,
288 1650 371 1707 quam
395 1632 428 1689 ad
451 1631 620 1689 discendum
647 1632 767 1708 ingressi
794 1649 901 1703 snmus,

113 1728 267 1786 obruimur
295 1728 450 1786 ambitione
477 1738 506 1785 et
532 1728 608 1797 s0r03
639 1727 676 1785 sit
699 1740 793 1786 tamen
818 1728 847 1785 in
871 1744 903 1784 re

112 1826 243 1901 positum
278 1835 362 1899 atque
395 1824 505 1881 natura.
559 1824 623 1901 Ego
650 1825 737 1897 enim,
764 1830 948 1899 qnantum15

115 1939 245 1998 auguror
259 1920 435 1997 conjectum,
451 1930 613 1995 quantaque
627 1920 743 1998 ingenia
756 1920 785 1977 in
799 1919 903 1978 nostris

117 2017 285 2075 homiuibus
299 2036 361 2074 esse
375 2016 468 2087 video,
481 2035 540 2073 non
562 2017 690 2091 despero,
705 2016 765 2074 sore
779 2016 901 2091 aliquem

115 2113 284 2187 aliqnando,
305 2112 353 2187 qui
374 2121 403 2169 et
423 2112 518 2169 studio
539 2111 658 2182 acriore,
679 2131 764 2187 qnam
784 2130 838 2171 uos
856 2130 903 2169 sn·

115 2230 185 2267 anus
206 2220 290 2285 atque
310 2210 424 2279 luimus,
439 2219 467 2266 et
480 2202 540 2266 otio
562 2228 596 2265 nc
617 2208 751 2265 facultate
772 2207 903 2265 discendi

114 2307 228 2382 majore
250 2326 283 2363 ac
303 2306 466 2377 maturiore,
487 2317 515 2363 et
535 2306 633 2362 labore
656 2318 740 2378 atque
764 2304 903 2361 industrid
917 2312 949 2362 2]

113 2403 277 2479 superiore,
304 2420 371 2460 cum
397 2420 427 2459 sc
460 2402 494 2459 ad
528 2400 711 2472 audiendum,
738 2400 902 2477 legendum,

114 2500 361 2574 scribendumque
393 2498 544 2569 dediderit,
571 2498 672 2555 existat
704 2497 770 2555 talis
795 2507 901 2570 orator,

118 2596 233 2671 qualem
254 2595 421 2672 quaerimns3
443 2594 491 2670 qni
509 2595 572 2670 jure
591 2612 648 2651 non
664 2594 755 2652 solnm
769 2594 901 2666 disertus,

119 2693 272 2750 sedetiam
289 2691 426 2767 eloquens
446 2690 503 2748 dici
524 2691 630 2767 possit:
651 2690 698 2766 qui
718 2702 823 2762 tamen,
837 2690 902 2749 med

119 2789 273 2861 sententie,
296 2799 344 2845 aut
364 2788 412 2845 hic
432 2798 474 2845 est
491 2788 550 2863 jarn
570 2787 700 2859 Crassus,
722 2798 779 2858 ant,
796 2787 819 2844 si
839 2786 902 2862 quis
916 2794 948 2845 25

118 2886 182 2963 pari
203 2886 289 2943 luerit
305 2885 431 2962 ingenio,
444 2885 591 2961 pluraque,
606 2903 689 2959 qnam
710 2884 768 2954 lric,
783 2893 811 2940 et
825 2882 903 2940 andi·

120 2983 184 3053 erit,
212 2992 241 3039 et
271 2982 416 3054 lectitririt,
444 2993 473 3039 ct
504 2980 667 3058 scripserim
685 2980 802 3057 paulurn
834 2979 903 3036 lruic

121 3078 228 3154 aliquid
242 3079 346 3156 poterit
361 3079 473 3137 addere.

355 3175 375 3233 4
386 3174 403 3210 e
