2167 3567
125 293 212 379 'dnn
413 319 457 366 na
478 319 642 368 carrona.
906 305 964 367 185

131 467 293 526 Verborum
308 476 402 524 antem
415 465 498 538 ratio,
512 476 542 523 at
555 485 647 544 genus
660 465 806 533 orationis,
821 465 914 524 susum

132 575 215 640 atque
234 572 369 634 tractum,
383 573 491 620 etcum
511 563 630 621 lenitate
646 562 769 638 quadam
783 563 915 637 aequabili

129 659 284 736 profluens,
306 659 368 717 sine
392 660 446 716 hac
470 659 602 736 judiciali
622 659 783 735 asperitate,
803 670 833 716 et
852 660 915 716 sine

130 756 337 813 sententiarum
363 756 519 813 forensium
538 756 666 827 aculeis,
686 757 915 832 persequendum

129 862 180 910 eat.
223 851 333 909 Harum
361 861 402 910 tot
427 862 628 926 tantarumque
654 871 749 910 rerum
776 852 947 909 videtisne5

130 949 188 1006 ulla
215 966 277 1004 esse
304 958 457 1024 precepta,
485 967 549 1024 que
576 949 605 1006 in
632 948 740 1006 artibus
767 948 913 1006 rhetorum

128 1043 326 1120 reperianturl

169 1140 204 1198 In
219 1141 320 1199 eodem
341 1140 456 1198 silentio
476 1141 567 1200 multa
587 1140 643 1198 alia
660 1150 805 1198 oratorum
818 1141 915 1199 officia

126 1235 289 1312 jacuerunt,
304 1236 526 1307 cohortationes,
548 1235 769 1305 consolationes,
789 1255 914 1312 precep-

129 1343 168 1404 ta,
185 1332 346 1403 admonita;
371 1350 433 1406 qus
454 1332 605 1389 tractanda
624 1344 690 1389 aunt
709 1332 808 1388 omnia
826 1333 963 1392 diser-1⁰

129 1428 255 1487 tissime:
283 1429 333 1484 sed
360 1426 456 1485 locum
481 1446 564 1485 auum
584 1427 615 1485 in
636 1427 692 1484 illia
711 1427 829 1499 artibus,
850 1447 913 1504 quat

129 1521 240 1579 traditae
267 1531 343 1593 aunt,
372 1521 477 1578 habent
503 1522 622 1579 nullum.
676 1521 774 1596 Atque
798 1522 829 1578 in
858 1522 913 1579 hoc

129 1637 235 1694 genere
250 1617 299 1675 ille
312 1635 425 1693 quoque
439 1627 482 1674 est
496 1616 608 1676 infinita
621 1616 700 1688 silva,
715 1619 791 1692 quod
807 1619 913 1676 oratori

129 1713 256 1788 plerique
278 1713 323 1789 (nt
343 1713 429 1770 etiam
448 1713 571 1771 Crassus
584 1713 721 1792 ostendit)
737 1714 794 1771 duo
807 1732 915 1792 genera

129 1809 167 1866 ad
181 1809 334 1868 dicendum
355 1809 495 1867 dederunt
503 1829 510 1880 ;
532 1817 621 1868 unum
635 1808 671 1866 de
682 1792 765 1867 ‘certa
785 1810 915 1868 deliniul·
930 1822 961 1875 15

128 1924 184 1981 que
205 1907 303 1979 causa,
321 1905 419 1981 quales
440 1915 516 1978 sunt,
536 1925 600 1980 quae
621 1906 651 1963 in
671 1905 779 1978 litibus,
800 1925 863 1982 quae
883 1907 914 1964 in

129 2001 382 2060 deliberationibus
402 2013 566 2072 versantur3
588 2002 683 2072 addat,
700 2001 725 2058 si
739 2001 809 2076 quis
828 2003 913 2076 volet,

129 2097 214 2155 etiam
235 2097 428 2156 laudationes:
451 2098 581 2168 alterum,
595 2098 672 2173 quod
693 2096 835 2173 appellant
855 2117 915 2155 om·

129 2211 181 2252 nes
211 2193 270 2250 sere
303 2193 467 2269 scriptores,
495 2193 619 2268 explicat
650 2211 746 2263 nemo,
774 2193 913 2251 infinitam

128 2289 252 2366 generis,
273 2290 336 2346 aine
356 2299 484 2364 tempore
503 2299 532 2346 et
552 2288 614 2345 aine
634 2289 765 2363 persona,
785 2291 915 2363 quaestio-
929 2305 960 2356 ω

128 2405 203 2444 nem.
246 2385 313 2442 Hoc
340 2386 408 2460 quid
432 2395 461 2442 et
482 2396 618 2460 quantum
639 2385 687 2455 sit,
708 2404 774 2442 cum
801 2385 912 2458 dicunt,

128 2481 289 2558 intelligere
310 2481 380 2538 mihi
400 2499 458 2538 non
474 2481 613 2538 videntur.
655 2482 688 2538 Si
701 2482 779 2538 enim
793 2492 837 2539 est
850 2502 914 2540 ora·

127 2578 206 2649 toris,
227 2596 414 2653 quaecumque
435 2597 479 2635 ras
498 2577 611 2635 infinite
637 2577 730 2653 posita
754 2579 800 2650 sit,
821 2579 857 2635 de
877 2581 911 2636 eal

126 2692 211 2750 posse
231 2675 345 2744 dicere;
366 2674 521 2731 dicendum
542 2673 596 2732 erit
616 2674 654 2744 ei,
675 2686 781 2749 quanta
794 2677 831 2733 ait
844 2677 912 2734 solis

127 2771 306 2846 magnitudo,
325 2789 388 2844 quae
409 2770 497 2828 forma
517 2780 615 2827 terne:
637 2770 673 2826 de
692 2772 911 2845 mathematicis,
926 2787 958 2836 23

127 2865 164 2923 de
184 2866 302 2924 musicis
322 2865 417 2936 rebus,
438 2884 496 2923 non
516 2867 631 2941 poterit,
652 2867 720 2941 quin
746 2867 834 2938 dicat,
855 2868 911 2927 hoc
949 2895 953 2903 ·

127 2980 215 3020 onere
235 2973 379 3038 suscepto,
393 2979 535 3019 recusare.
576 2961 713 3036 Denique
729 2963 766 3034 ei,
781 2964 830 3037 qui
849 2982 912 3039 pro·

126 3059 222 3118 litetur
242 3077 306 3117 esse
325 3077 420 3130 suum,
434 3077 490 3119 non
504 3059 597 3117 solum
611 3059 647 3116 de
661 3059 697 3116 iia
713 3061 911 3120 controversiis
