2167 3567
110 297 144 343 n.
155 297 190 356 n]
406 295 450 344 na
471 297 635 346 onanons.
912 289 956 354 7⁶

111 446 278 503 verborum
316 445 520 522 interpretatio,
553 446 758 523 pronuntiandi
794 446 910 523 qnidam

13 603 25 624 L
114 559 230 611 sonus3
265 541 295 598 iu
322 541 377 598 han
404 542 528 617 denique
556 543 618 619 ipat
644 543 756 602 ratione
781 543 908 616 dicendi,

112 636 301 713 excogitare,
316 654 427 710 ornare,
442 637 604 714 disponere,
618 638 791 710 meminisse,
813 658 907 717 agere,

107 733 225 809 ignota
246 733 389 808 quondam
415 734 559 805 omnibus,
578 743 609 790 et
627 734 732 792 diffusa
756 735 813 793 late
833 735 909 794 vide·

115 829 238 886 bantur.
279 829 419 887 Adhibita
438 839 481 887 est
501 828 588 906 igitur
602 847 648 887 ars
661 831 791 905 quedam
803 831 938 895 sutrin-5

114 943 209 981 secus
228 943 266 981 ex
286 925 341 982 alio
361 943 467 1001 genere
485 925 620 1001 quodam,
641 925 718 1000 quod
741 926 797 984 sibi
815 936 907 986 totum

114 1019 286 1096 philosophi
300 1036 456 1093 assumunt,
470 1039 534 1096 quar
554 1039 614 1078 rem
632 1021 800 1080 dissolutam
819 1022 907 1083 divul-

112 1133 242 1190 samque
264 1117 483 1194 conglutinaret,
503 1117 663 1176 atratinus
686 1117 812 1192 quadam
838 1137 907 1176 oon·

116 1213 285 1288 stringeret.
339 1213 384 1271 ffit
411 1231 481 1290 ergo
506 1213 536 1270 in
560 1213 626 1289 jure
651 1212 729 1271 oivili
755 1213 821 1271 finis
847 1214 904 1285 hio,
982 1274 989 1290 ί

115 1308 259 1384 legitime
274 1317 358 1382 atque
370 1307 481 1366 usitate
495 1308 525 1367 in
538 1309 625 1366 sebas
638 1308 788 1384 censique
799 1308 904 1367 oinium
919 1317 951 1368 1⁰

114 1404 323 1478 aequabilitatis
343 1405 528 1464 oonservatio.
583 1404 662 1462 Tam
685 1415 755 1462 sunt
779 1405 905 1464 notanda

117 1519 240 1577 genera,
262 1509 291 1557 et
313 1500 349 1558 ad
370 1510 480 1558 certum
501 1517 652 1558 numerum
672 1501 904 1577 paucitatemque

118 1595 293 1659 revocanda,
338 1596 444 1654 (lenus
478 1605 573 1654 autem
605 1606 649 1654 est
681 1597 721 1668 id,
744 1597 825 1672 quod
857 1597 903 1656 sni

117 1690 232 1748 similes
269 1691 474 1749 communione
507 1691 642 1766 quadam,
675 1693 772 1768 speoie
808 1703 902 1751 autem

118 1786 297 1858 differentes,
311 1787 382 1844 duas
403 1797 451 1845 aut
471 1788 567 1862 plnres
585 1788 785 1863 complectitur
799 1799 901 1865 partes
918 1799 949 1848 15

118 1882 223 1941 Partes
238 1892 332 1940 autem
347 1893 422 1954 sunt,
437 1901 500 1958 quar
519 1883 673 1960 gonoribus
692 1883 737 1955 iis,
750 1902 787 1941 ex
800 1885 903 1959 quibus

119 1990 267 2050 emanant,
289 1977 493 2054 subjiciuntur3
515 1978 677 2054 onmiaque,
692 1998 754 2054 qnae
774 1990 839 2038 sant
859 1980 902 2037 rel

119 2093 260 2152 generum
288 2074 331 2147 vel
364 2074 487 2150 partium
519 2074 646 2145 nomina,
680 2075 902 2147 definitionibus,

122 2171 278 2246 quamnim
293 2170 425 2241 habeant,
440 2179 484 2226 est
497 2167 720 2244 exprimendum
761 2169 813 2226 Est
820 2170 902 2228 enim

122 2266 263 2337 definitio,
276 2283 373 2322 earum
388 2281 482 2322 rerum
497 2281 561 2338 qum
573 2272 640 2320 sunt
652 2262 714 2339 ejus
725 2263 768 2320 rei
782 2265 902 2339 proprios
915 2277 948 2327 m

122 2381 207 2438 quam
228 2361 346 2419 definire
366 2361 505 2430 volumus,
526 2357 620 2416 brevis
638 2359 903 2435 etoiroumsoripta

121 2457 252 2532 quadarn
272 2456 432 2534 explieatio.
473 2455 566 2514 Hisoe
586 2473 640 2531 ego
665 2455 750 2512 rebus
773 2455 903 2531 exempla

91 2565 93 2573 '
124 2541 318 2629 adjrmgerem,
345 2553 410 2624 nisi,
445 2551 520 2628 apud
552 2569 624 2626 qnos
656 2551 719 2608 haeo
751 2551 902 2611 haberetur

122 2648 223 2722 oratio,
244 2665 408 2705 cernerem:
434 2665 513 2704 nuno
537 2645 719 2720 oompleetar,
739 2648 816 2723 quod
840 2666 903 2723 pro-

124 2744 215 2820 posui,
230 2743 316 2802 brevi.
358 2742 390 2800 Si
408 2742 487 2800 enim
509 2750 557 2801 aut
576 2741 646 2799 mihi
667 2742 761 2800 faoere
778 2742 900 2815 licuerit,
915 2755 947 2804 25

124 2841 196 2916 quod
207 2839 316 2917 jamdiu
335 2839 445 2916 cogito,
460 2849 509 2896 aut
529 2837 601 2895 alius
620 2838 770 2913 quispiam,
784 2847 842 2905 aut,
855 2857 902 2896 me
937 2904 941 2909 ,

125 2935 269 3011 impedito,
296 2935 455 3010 ooonpbrit,
484 2944 532 2991 aut
562 2944 675 2993 mortuo
707 2932 843 3004 effecerit,
870 2943 903 2992 nt

125 3031 245 3110 primum
265 3047 351 3092 omne
367 3030 414 3109 jus
433 3029 518 3092 oirile
532 3029 563 3088 ia
580 3047 688 3110 genera
706 3027 902 3123 digeratque
