2167 3567
140 283 199 346 176
457 298 500 344 ns
521 297 684 348 orsaorsa
884 297 923 358 [ι.
934 296 969 343 n.

186 441 313 504 Romani
332 453 471 521 potestate
490 465 554 504 esse
573 446 689 516 debent,
708 444 775 522 quid
795 443 969 503 Norbanum

186 558 315 609 accusas,
336 542 418 617 cujus
437 543 597 600 tribunatus
617 542 755 600 voluntati
778 541 872 617 paruit
899 541 970 598 ciri·

186 633 271 692 tatisi
311 634 356 692 Ex
381 647 460 712 parte
488 646 582 694 autem
608 637 654 708 ei,
680 655 743 712 qun
769 647 812 694 est
838 636 969 712 subjecta

185 730 300 804 generi:
334 731 366 788 Si
393 751 501 803 omnes,
528 733 577 808 qui
606 733 770 809 reipublicae
802 733 967 803 consulunt,

152 833 169 883 5
186 826 245 883 cari
265 826 348 884 nobis
367 847 430 886 esse
443 829 558 902 debent,
573 839 651 886 certe
664 829 694 887 in
707 828 806 905 primis
820 828 969 906 imperato·

184 939 239 992 res,
260 941 380 998 quorum
407 925 545 996 consiliis,
566 926 678 996 virtute,
698 925 843 1001 periculis,
862 925 968 982 retine·

183 1035 248 1076 mus
267 1033 296 1077 et
316 1030 440 1078 nostram
462 1020 635 1092 salutemet
656 1021 767 1097 imperii
786 1021 966 1098 dignitatern.

184 1112 441 1174 Ex·similitudine
475 1126 586 1174 autem:
620 1117 653 1174 Si
680 1117 746 1175 serm
772 1128 870 1194 partus
898 1137 968 1176 suos

183 1209 315 1287 diligunt,
329 1213 386 1289 qui
406 1231 459 1270 nus
479 1212 508 1270 in
529 1213 634 1271 liberos
654 1224 767 1273 nostros
787 1213 966 1290 inungentie

137 1317 168 1368 1⁰
183 1324 246 1364 esse
266 1307 421 1366 debemust
461 1308 503 1365 At
522 1326 558 1366 ex
577 1309 826 1367 dissimilitudine:
850 1310 882 1368 si
904 1311 968 1368 bar·

183 1402 315 1460 berorum
349 1415 392 1462 est
418 1403 448 1462 iu
475 1404 551 1462 diem
584 1405 688 1476 rivere,
715 1416 813 1463 nostra
844 1406 966 1464 consiliu

182 1499 386 1576 sempiternum
410 1510 521 1576 tempus
546 1512 676 1577 spectare
701 1501 815 1560 debent
870 1503 968 1578 Atque

182 1604 304 1670 utroque
324 1595 354 1656 in
374 1614 479 1672 genere
499 1607 528 1654 et
550 1597 755 1668 similitudinis,
775 1608 805 1655 et
824 1597 967 1658 dissimili·

182 1685 299 1761 tudinis,
325 1691 455 1767 exempla
487 1703 554 1750 sunt
580 1711 616 1750 ex
642 1693 762 1752 aliorum
796 1693 889 1765 sactis,
917 1685 968 1754 aut

136 1791 167 1843 15
182 1785 277 1854 dictis,
304 1797 353 1844 aut
378 1787 497 1859 eventis,
524 1798 555 1845 et
580 1788 654 1846 fictu
688 1789 864 1848 narrationes
889 1809 967 1866 serpe

180 1881 330 1958 ponendas.
369 1879 435 1940 Jam
455 1902 491 1941 ex
511 1884 673 1946 matrarin:
695 1885 728 1942 Si
747 1886 898 1944 Gracchus
918 1903 968 1944 ne·

182 1977 262 2051 sarie,
282 1977 418 2053 praeclare
437 1963 589 2054 Opimius(
634 1980 680 2038 Ex
705 1981 965 2056 consequentibus:

182 2073 215 2132 Si
234 2084 264 2132 et
283 2074 357 2133 ferro
377 2074 544 2132 intersectas
571 2075 629 2147 ille,
647 2087 679 2134 et
698 2087 730 2134 tu
750 2076 884 2134 inimicus
902 2077 967 2153 ejus

181 2188 249 2228 cerm
262 2169 359 2248 gladio
375 2182 496 2230 cruento
515 2171 739 2246 comprehensus
752 2191 784 2230 es
798 2172 827 2230 in
841 2173 890 2230 illo
903 2173 967 2249 ipso

133 2279 166 2330 m
180 2265 257 2337 loco,
276 2277 305 2324 at
324 2286 409 2326 nemo
429 2279 530 2343 pretor
550 2278 580 2325 te
600 2267 640 2324 ibi
661 2268 737 2337 risus
755 2278 809 2338 est,
827 2280 857 2326 et
877 2288 967 2328 causa

180 2363 299 2435 nemini,
312 2373 343 2422 et
361 2375 394 2420 tu
412 2383 524 2441 semper
546 2364 655 2433 audam
675 2364 743 2439 quid
763 2374 818 2435 est,
832 2364 907 2439 quod
928 2365 965 2422 de

181 2456 310 2516 facinore
329 2458 460 2517 dubitme
479 2461 641 2536 possimus?
689 2459 734 2518 Er
754 2462 965 2532 consentaneis,

179 2564 210 2611 et
234 2555 485 2630 procurrentibus,
513 2567 544 2612 st
575 2556 811 2634 repugnantibus,
837 2567 870 2614 ut
895 2557 965 2615 oiim

180 2649 302 2708 Crassus
330 2649 512 2709 adolescens:
540 2651 619 2723 Non,
643 2653 668 2710 si
693 2653 841 2730 Opimium
868 2654 967 2711 desen·

133 2755 165 2806 ὕ
179 2745 258 2818 disti,
271 2745 377 2817 Carbo,
398 2745 508 2806 idcirco
528 2757 557 2805 te
577 2747 625 2806 isti
646 2749 751 2806 bouum
771 2750 864 2808 civem
884 2760 967 2827 puta·

86 2870 94 2885 ·
180 2842 260 2901 bunt
314 2842 471 2900 Simulasse
498 2853 536 2914 te,
562 2853 594 2900 et
621 2843 697 2901 eliud
723 2844 792 2919 quid
818 2846 965 2921 quaesisse,
1022 2833 1025 2839 ¹

178 2937 362 3024 perspicuum
382 2948 435 3010 est,
450 2939 527 3014 quud
547 2937 595 2997 Ti.
609 2939 736 2997 Graocbi
756 2952 874 3000 mortem
886 2961 965 3019 steps

178 3032 209 3094 in
242 3034 434 3096 concionibus
465 3034 633 3112 deplurbsti,
664 3037 742 3113 qood
772 3036 805 3097 Ρ.
829 3037 965 3098 Abicnni
