2167 3567
115 329 196 391 nu]
397 281 624 377 resonandam
885 320 938 380 171

154 477 313 537 XXXVII.
344 479 446 551 Valde,
480 479 605 550 hercule,
639 477 733 554 inquit
763 477 895 550 Catulus,

113 574 224 646 timide,
239 575 372 650 tanquam
395 577 429 632 ad
451 575 572 652 aliquem
592 574 720 633 libidinis
736 574 894 649 scopulum,

113 669 158 728 sio
189 680 268 727 tuam
300 680 425 727 mentem
452 671 486 728 ad
513 669 721 746 philosophiam
751 669 894 745 appulisti,

112 783 198 839 quam
213 765 273 823 hmo
288 765 388 823 civitas
402 779 551 841 aspernata
563 784 707 840 uunquam
725 775 776 822 est.
816 764 894 822 Nam

113 871 143 918 et
162 861 266 918 relerts
284 862 427 937 quondam
450 860 534 918 ltalia
559 860 802 936 Pythagoreorum
829 860 924 932 tuias

112 965 184 1027 tum,
199 975 264 1014 oum
279 958 381 1014 eratin
397 956 451 1014 hae
471 966 557 1032 geute
576 955 685 1034 Magna
701 955 751 1014 illa
763 956 892 1014 Graecis:

111 1070 148 1109 ex
161 1069 217 1127 quo
229 1053 315 1110 etiam
329 1052 444 1128 quidam
458 1051 584 1109 Numam
600 1051 782 1126 Pompilium,
796 1070 893 1129 regem

112 1157 251 1219 nostrum,
272 1148 359 1206 luisse
379 1147 588 1224 Pythagoreum
609 1147 717 1217 ierunt;
741 1147 790 1222 qui
811 1148 893 1204 aunis

111 1243 260 1318 permultis
280 1255 345 1302 ante
365 1244 427 1315 luit,
441 1263 525 1321 quam
546 1244 606 1319 ipse
624 1243 814 1319 Pythagoras:
835 1261 892 1317 quo
984 1289 987 1293 .

111 1340 197 1396 etiam
212 1340 300 1415 major
315 1339 356 1396 vir
371 1339 517 1397 habendus
536 1349 589 1410 est,
603 1359 669 1398 eum
690 1339 766 1398 illam
783 1341 892 1416 sapien·
908 1349 938 1398 1⁰

111 1433 180 1492 tiam
194 1436 400 1494 constituendas
414 1435 537 1496 civitatis
550 1437 663 1492 duobus
677 1455 764 1512 prope
779 1436 893 1494 saeculis

111 1540 178 1588 ante
203 1531 348 1607 cognovit,
375 1549 459 1606 quam
485 1549 549 1588 eam
574 1531 670 1589 Grteoi
701 1542 796 1588 natam
828 1550 892 1590 esse

110 1636 268 1684 senserunt.
310 1625 347 1683 Et
367 1636 445 1684 oarte
465 1644 523 1684 non
543 1626 609 1684 tulit
629 1627 702 1684 ullos
715 1628 777 1686 heo
790 1628 891 1686 eivitas

111 1728 160 1776 aut
180 1718 272 1795 glorih
299 1719 443 1791 clariores,
466 1730 515 1779 aut
542 1720 711 1779 auctoritate
736 1715 898 1798 graviores,

110 1822 159 1870 aut
173 1811 348 1871 humanitate
360 1813 516 1889 politiores,
530 1814 562 1873 P.
577 1815 727 1887 Africano,
741 1816 775 1874 Ο.
790 1817 890 1889 Laelio,
905 1833 937 1883 15

109 1906 142 1965 L.
164 1907 263 1980 Furio,
283 1909 332 1983 qui
352 1927 449 1967 seeum
470 1909 676 1971 eruditissimos
702 1910 833 1969 homiues
855 1931 891 1970 ex

108 2003 223 2062 Graeoii
248 2004 341 2080 palam
367 2022 478 2080 semper
504 2005 671 2063 habuerunt
713 2006 809 2081 Atque
834 2025 890 2084 ego

108 2116 146 2156 ex
175 2099 235 2158 istis
255 2118 330 2175 saepe
354 2099 459 2171 audivi,
480 2119 547 2158 oum
568 2099 706 2171 dicerent,
727 2113 889 2178 pergratum

107 2194 300 2254 Athenienses
313 2206 343 2254 et
355 2195 410 2253 sibi
429 2195 540 2266 secisse,
555 2207 583 2252 et
598 2195 694 2252 multis
713 2197 890 2273 principibus

108 2290 240 2362 divitatis,
254 2293 340 2366 quod,
355 2310 421 2348 oum
441 2291 476 2349 ad
495 2303 625 2351 senatum
645 2292 755 2368 legatos
773 2292 810 2350 de
830 2295 888 2351 suis
902 2301 934 2351 w

107 2386 238 2444 maximis
257 2388 342 2444 rebus
363 2387 515 2457 mitterent,
529 2397 587 2443 tres
607 2387 683 2444 illius
703 2387 793 2446 aetatis
808 2389 889 2447 nobi·

105 2481 228 2539 lissimos
253 2483 435 2559 philosophos
461 2482 614 2552 misissent,
641 2482 831 2558 Carneadem,
858 2497 887 2543 et

106 2577 275 2649 Critolaum,
295 2589 324 2635 et
343 2579 519 2655 Diogenem:
541 2578 637 2653 itaque
656 2598 715 2650 eos,
736 2580 803 2637 dum
825 2581 886 2638 Ro-

105 2691 158 2730 mas
179 2684 283 2744 esseut,
297 2685 325 2730 et
340 2693 356 2731 a
369 2693 400 2730 se
413 2685 443 2732 et
456 2675 491 2732 ab
505 2675 568 2732 aliis
582 2675 742 2750 frequenter
764 2676 883 2736 auditos.

103 2767 188 2829 Quos
206 2778 237 2827 tu
258 2788 323 2827 oum
344 2769 462 2826 haberes
483 2781 624 2842 suctores,
644 2772 765 2844 Antoni,
786 2773 883 2844 miror,
897 2787 929 2836 25

103 2881 156 2921 our
178 2864 373 2941 philosophiae,
391 2865 466 2924 siout
486 2866 598 2924 Zethus
621 2866 670 2925 ille
693 2867 882 2942 Pacuvianus,

101 2977 190 3035 prope
211 2960 315 3018 bellum
336 2960 480 3019 indixeris.
528 2961 659 3034 Minime,
680 2964 772 3038 iuquit
791 2966 883 3023 Anto-

102 3055 184 3114 nius:
218 3073 252 3114 ae
278 3056 321 3114 sio
349 3057 463 3114 deorovi
495 3057 688 3134 philosophari
720 3058 823 3135 potius,
850 3071 882 3120 ut
