2167 3567
91 320 131 385 u.
143 320 179 383 1·]
392 321 434 369 na
457 322 621 369 cainone.
903 310 941 368 71

102 470 224 541 stultus,
245 480 274 528 et
293 488 347 529 suo
367 471 449 529 valde
469 470 592 549 sapiens,
612 482 643 529 et
662 489 679 530 u
703 470 776 548 juris
801 470 897 531 studio

102 583 168 621 non
184 566 350 638 abhorrens,
364 566 450 625 simili
465 566 494 625 in
509 586 539 626 re
553 568 678 643 quodum
698 568 785 626 modo
804 587 896 646 nuper

103 663 222 720 erravit.
263 662 341 720 Nam
362 682 429 720 cum
450 664 525 721 mdes
547 664 579 721 L.
601 662 685 721 Fufio
706 665 850 737 venderet,
865 666 897 725 iu

4 794 5 801 κ
103 757 255 835 mancipio
281 758 401 831 lumina,
428 761 470 817 uti
496 770 557 829 tum
583 770 690 831 essent,
711 760 752 818 ita
777 761 895 837 recepit.

103 852 209 911 Fufius
225 865 330 927 autem,
345 856 428 913 simul
451 867 535 932 atque
555 855 691 914 edificari
712 868 835 933 coepturn
853 862 927 923 esto

105 950 135 1007 in
152 951 276 1025 quadam
290 963 371 1027 parte
386 952 472 1024 urbis,
488 971 550 1027 quae
565 952 651 1009 modo
664 972 701 1010 ex
713 953 770 1010 illis
788 954 897 1011 edibus

104 1047 240 1123 conspici
271 1059 376 1123 posset,
404 1049 464 1127 egit
489 1050 591 1108 ‚statim
625 1069 692 1107 cum
725 1050 895 1122 Bucculeio,

4 1166 5 1201 i
103 1144 196 1218 quod,
231 1144 404 1220 cuicumque
437 1145 585 1221 particular
622 1146 688 1204 coeli
723 1146 895 1218 efficeretur,

104 1240 238 1314 quamvis
264 1250 339 1299 esset
365 1243 475 1317 procul,
503 1242 607 1299 mutari
632 1242 743 1300 lumina
768 1244 893 1320 putabat.

103 1336 189 1397 Quid
212 1338 299 1394 vorot
321 1338 479 1395 clarissima
499 1337 541 1395 M'
557 1338 639 1395 Curii
660 1358 749 1397 causa
768 1338 810 1397 M.
840 1358 895 1414 que
910 1341 942 1391 1⁰

105 1432 233 1509 Coponii
248 1452 338 1509 nuper
361 1434 435 1510 apud
456 1434 660 1506 centumviros,
675 1454 733 1512 quo
751 1454 895 1493 concursu

105 1529 269 1601 hominum,
291 1531 347 1605 quia
368 1531 581 1606 exspectatione
604 1532 722 1590 defensa
741 1532 800 1589 est!
828 1550 895 1589 cum

104 1624 148 1687 Q.
177 1625 317 1694 Scaevola,
345 1625 461 1700 aequalis
488 1636 516 1683 et
545 1626 658 1703 collega
690 1646 780 1698 meus,
808 1626 895 1685 homo

106 1720 238 1777 omnium
260 1731 289 1778 et
309 1720 460 1797 disciplinis
478 1721 551 1799 juris
570 1721 662 1779 civilis
675 1722 894 1794 eruditissimus,

106 1827 137 1874 et
151 1817 269 1894 ingenio
288 1818 496 1894 prudentidque
518 1819 709 1891 acutissimus,
723 1830 752 1877 et
764 1820 895 1878 oratione
910 1823 941 1874 15

106 1914 232 1971 maxime
259 1914 373 1972 limatus
401 1927 485 1990 atque
512 1915 634 1987 subtilis,
659 1926 743 1992 atque
767 1915 813 1992 (ut
839 1935 895 1994 ego

107 1999 191 2067 soleo
213 2010 323 2089 dicere)
347 2011 419 2087 juris
445 2012 602 2087 peritorum
635 2011 894 2089 eloquentissimus,

107 2106 304 2181 eloquentium
322 2107 395 2183 juris
414 2107 614 2183 peritissimus,
628 2128 664 2166 ex
682 2110 791 2185 scripto
810 2118 896 2166 testo-

4 2204 5 2281 3
109 2214 270 2260 mentorum
306 2204 371 2279 jura
407 2204 583 2276 defenderet,
620 2215 804 2282 negaretque,
838 2203 894 2263 nisi

4 2302 5 2317 ¹
108 2301 259 2373 postumus
279 2308 308 2357 et
327 2310 421 2371 natus,
439 2310 476 2371 et,
499 2311 650 2377 antequam
664 2300 701 2357 in
721 2320 802 2359 suam
822 2311 895 2360 tute·
907 2310 940 2360 m

107 2394 166 2452 lam
185 2394 318 2467 venisset,
333 2406 463 2455 mortuus
483 2394 569 2469 esset,
591 2396 725 2455 heredem
745 2416 811 2455 eum
832 2416 895 2455 esse

107 2509 202 2567 posse,
217 2492 267 2566 qui
287 2502 363 2549 esset
386 2493 545 2551 secundum
564 2504 728 2570 postumum
748 2505 777 2552 et
796 2505 895 2552 natum

109 2596 138 2644 et
160 2598 314 2660 mortuum,
335 2588 418 2646 heres
445 2588 609 2647 institutus:
637 2607 693 2667 ego
718 2590 895 2650 voluntatem

95 2684 304 2756 defenderem,
338 2684 393 2743 hac
428 2705 493 2743 eum
521 2696 582 2743 tum
605 2696 701 2744 mente
725 2686 821 2758 fuisse,
846 2686 894 2761 qui

88 2791 92 2796 ’
107 2764 311 2839 testamentum
332 2781 456 2855 fecisset,
472 2793 512 2850 ut,
527 2781 551 2839 si
571 2781 647 2839 iilius
667 2802 726 2840 non
747 2792 831 2854 esset,
846 2781 894 2857 qui
906 2789 939 2840 25

109 2876 139 2935 in
172 2878 292 2936 tutelam
324 2878 456 2952 venisset,
485 2878 526 2935 M’
556 2878 663 2937 Curius
695 2890 771 2937 esset
802 2877 894 2935 heres.

4 2988 6 3017 ἐ
109 2972 188 3033 Num
209 2973 319 3033 destitit
339 2984 459 3052 uterque
488 2975 617 3034 nostrdm
639 2975 669 3034 in
689 2975 726 3033 ed
745 2974 843 3047 causi,
865 2974 895 3034 iu
