2167 3567
191 332 247 393 1⁰8
504 339 548 388 nr.
569 339 731 386 onironn.
939 341 982 402 [u.
993 341 1019 386 r.

234 491 387 548 assentior:
420 500 525 561 cetera,
552 508 615 564 quie
643 485 785 563 collegisti
810 503 847 544 ex
872 487 958 546 rsriis
985 499 1020 547 et

233 586 350 644 diversis
369 587 470 644 stodiis
483 597 512 644 et
526 587 643 657 artibus,
662 585 775 644 temetsi
796 585 855 662 ipse
868 604 901 643 es
913 585 1019 645 omniu

232 692 415 756 consecutus,
439 693 534 740 temen
562 683 598 740 ob
622 683 741 740 oratoris
766 682 881 758 proprio
913 682 1021 740 officio

232 789 316 854 etque
329 797 447 837 munere
461 781 592 856 sejuncta
603 797 667 837 esse
680 779 808 836 arbitror.
912 829 915 834 Δ

200 973 217 1022 t
270 970 364 1028 LXII.
396 970 469 1029 Haec
502 989 569 1028 curn
602 971 747 1040 Antonius
779 969 906 1042 dixisset,
939 989 1014 1028 sone

230 1065 361 1124 dubitare
388 1066 463 1124 visus
489 1077 532 1123 est
559 1067 714 1142 Sulpicius,
738 1076 768 1122 et
794 1066 890 1137 Cotta,
916 1066 1013 1124 utrius

230 1162 321 1219 oratio
340 1163 454 1238 propius
475 1163 510 1219 od
530 1162 676 1220 veritatem
695 1162 839 1219 rideretur
860 1161 1009 1239 accedere.

230 1255 308 1314 Turn
328 1257 465 1315 Crassus:
486 1258 656 1333 Opernrinm
676 1258 759 1314 nobis
779 1255 931 1332 quendam,
947 1257 1010 1315 An·

228 1353 299 1425 toni,
313 1363 452 1411 oratorem
474 1354 561 1423 locis3
584 1363 667 1428 atque
687 1353 761 1410 hond
781 1353 854 1424 scio,
868 1371 905 1409 xn
925 1352 1008 1410 aliter

185 1452 215 1500 10
229 1449 343 1520 senties,
358 1459 387 1506 et
401 1459 480 1506 utare
499 1450 549 1506 tub
569 1449 619 1506 itit
636 1448 757 1506 mirifici
771 1449 807 1504 nd
820 1448 1006 1508 refellendum

228 1545 517 1619 consuetudineque
537 1545 590 1602 tibi
611 1561 696 1601 nemo
715 1563 839 1619 unquam
858 1545 1005 1620 prestitit;

229 1639 310 1714 cujus
330 1640 442 1714 quidem
463 1640 552 1716 ipsius
572 1639 715 1698 facultatis
733 1641 900 1698 exercitatio
913 1652 1006 1699 orato·

227 1751 289 1792 runi
303 1734 416 1811 proprie
428 1745 481 1806 ert,
496 1736 546 1792 sed
562 1735 621 1810 jun
641 1735 670 1792 in
691 1735 921 1812 philosophorum
938 1755 1007 1795 con·

227 1831 377 1888 suetudine
402 1841 538 1902 versetur,
562 1831 740 1906 maximeque
764 1849 872 1903 eornm,
896 1833 1005 1907 quide

182 1934 212 1982 15
226 1927 304 1984 omni
328 1946 359 1984 re
383 1927 527 2004 propositi
551 1927 581 1984 in
605 1938 753 2002 utromque
779 1939 890 2004 partein
912 1929 1004 1988 solent

227 2023 421 2097 copiosissime
451 2022 557 2080 dicere.
610 2022 716 2080 Verurn
742 2041 798 2100 ego
824 2043 884 2082 non
913 2025 1001 2083 solurn

227 2119 393 2191 arbitrabar,
426 2119 469 2176 his
501 2118 656 2200 presertim
690 2120 878 2191 audientibus,
908 2139 927 2177 e
956 2139 1002 2178 me

226 2211 373 2270 informari
397 2223 537 2288 oportere,
565 2212 657 2287 qualis
681 2231 744 2270 esse
771 2226 867 2288 posset
893 2214 927 2285 is,
952 2215 1000 2289 qui

226 2305 365 2364 habitaret
386 2307 414 2364 in
435 2306 587 2377 subselliis,
601 2325 693 2381 neque
712 2307 863 2380 quidquem
883 2308 1000 2383 emplius

179 2414 210 2464 20
226 2403 346 2474 offerret,
362 2421 447 2477 quoni
467 2402 542 2478 quod
564 2421 713 2459 causarum
734 2402 889 2460 necessitas
907 2414 998 2478 postu-

223 2497 310 2556 leret:
332 2496 381 2554 sed
402 2497 493 2574 majus
513 2497 646 2572 quiddam
668 2497 808 2567 rideborn,
821 2516 888 2556 curn
904 2517 997 2557 censs-

223 2594 297 2664 bnrn,
318 2603 468 2664 oratorem,
489 2593 645 2668 presertim
665 2593 697 2650 in
721 2593 818 2650 nostri
843 2595 996 2670 republiei,

223 2689 330 2747 nullius
348 2689 507 2747 ornamenti
527 2700 670 2765 expertem
691 2708 754 2746 esse
773 2703 911 2765 oportere.
949 2692 996 2750 Tu

224 2796 327 2858 sutem,
342 2785 475 2860 quonism
489 2785 599 2862 exiguis
613 2785 780 2860 quibusdum
794 2786 898 2844 finibus
910 2797 994 2846 totunr

177 2898 210 2948 ᾗ
223 2882 344 2940 oratoris
358 2899 465 2940 munus
482 2881 707 2951 circumdedisti,
722 2882 777 2939 hoc
791 2882 902 2940 facilius
915 2883 993 2947 nobis

223 2995 348 3054 expones
366 2993 411 3050 or,
431 2995 493 3052 que
511 2977 565 3033 'ebs
577 2985 607 3033 te
620 2975 657 3038 de
675 2976 778 3037 officiis
795 2976 992 3052 preceptisque

217 3073 345 3135 oratoris
367 3073 487 3150 ¹quinutu
506 3083 591 3143 sunt3
621 3072 683 3145 sed,
706 3071 992 3148 opinor,-sscunduu
