2167 3567
114 295 174 354 14⁰*
432 307 475 353 na
497 307 661 357 onarona.
861 307 942 366 [nu.

155 451 266 510 nullum
293 453 329 512 ad
357 473 440 512 usum
469 473 576 527 meum,
603 467 714 514 tanturn
746 453 943 532 cognoscendi

155 550 249 608 studio
276 551 426 624 adductus,
447 570 571 628 requiro.
611 552 678 611 Nee
703 551 774 610 mihi
800 569 873 627 opus
899 561 943 609 eet

155 647 259 706 Graeco
281 647 375 722 aliquo
395 649 525 720 duetore,
541 649 590 724 qui
610 650 680 706 mihi
694 648 861 725 pervulgata
872 667 944 724 prae·

157 753 240 819 eepta
260 744 402 816 decantet,
418 763 484 802 eum
505 745 566 821 ipse
586 765 732 820 nunquam
753 745 856 815 lorum,
870 763 943 801 nun-

126 855 240 914 5quam
261 839 351 897 ullum
370 841 523 917 judicium,
539 841 714 917 adspexerit3
736 851 767 898 ut
780 840 943 916 peripateti·

155 955 207 993 eus
221 937 269 994 ille
280 937 385 995 dicitur
400 939 553 1008 Phormio;
573 956 640 995 eum
654 937 811 1007 Hannibal,
823 937 941 994 Cartha-

155 1033 223 1109 gine
242 1033 386 1108 expulsae,
401 1033 548 1109 Ephesum
569 1034 609 1091 ad·
626 1034 803 1091 Antiochum
818 1032 942 1090 venisset

156 1129 245 1200 exsul,
260 1149 369 1205 proque
389 1148 435 1201 eo,
452 1130 528 1205 quod
549 1130 610 1207 ejus
630 1148 735 1187 nomen
756 1139 817 1189 erat
837 1128 941 1203 magni

157 1226 231 1302 apud
251 1245 351 1284 ornnes
371 1225 473 1303 glorii,
489 1226 625 1283 invitatus
644 1236 718 1282 esset
732 1226 769 1282 ab
782 1223 941 1298 hospitibus

112 1333 144 1383 10
156 1322 224 1394 suia,
239 1336 271 1381 ut
284 1341 360 1394 eum,
376 1341 460 1397 quern
482 1323 551 1394 dixi,
566 1322 590 1380 ai
607 1323 700 1392 vellet,
716 1321 841 1389 audiret3
863 1337 941 1376 uum·

156 1437 211 1494 que
232 1437 262 1476 ee
281 1437 338 1478 uon
358 1419 435 1476 nolle
456 1419 590 1488 dixissen
618 1416 733 1475 loeutus
753 1435 815 1473 esse
835 1415 942 1472 dieitur

156 1514 243 1572 homo
275 1515 408 1590 copiosae
443 1514 551 1589 aliquot
584 1514 669 1571 horae
700 1513 736 1569 de
763 1511 943 1590 imperatoria

157 1611 264 1682 officio,
290 1621 319 1668 et
345 1611 382 1667 de
414 1611 493 1668 omui
521 1629 553 1668 re
578 1610 703 1667 militari.
757 1608 846 1682 Turn,
874 1610 951 1667 eum'

157 1707 256 1777 ueteri,
280 1705 331 1781 qui'
353 1706 432 1764 illurn
458 1707 616 1777 audierant,
640 1707 823 1762 veliementer
847 1715 943 1763 essent

59 1812 61 1816 ’
112 1813 143 1864 15
157 1803 311 1873 deleetati,
335 1803 500 1877 quaerebant
534 1804 570 1860 ab
602 1801 777 1872 Hannibale,
807 1802 941 1877 quidnam

158 1899 218 1974 ipae
239 1897 274 1954 de
295 1897 344 1956 illu
363 1898 531 1975 philosopho
549 1899 700 1975 judiearet.
744 1897 862 1969 Poenue,
883 1915 941 1954 non

157 1994 265 2070 optime
291 1995 403 2066 Greee,
431 1994 482 2050 sed
509 2005 613 2052 tamen
636 1994 736 2065 libere,
763 1993 942 2069 respondisse

158 2089 255 2162 fertur,
270 2085 373 2148 multos
387 2108 418 2147 ae
431 2089 537 2147 deliros
551 2109 634 2147 senes
650 2109 725 2165 aaepe
739 2089 860 2158 vidisse3
881 2088 941 2159 aed,

157 2188 205 2262 qui
220 2187 313 2264 magis
325 2204 411 2262 quarn
426 2187 562 2244 Phormio
578 2187 721 2257 deliraret,
736 2186 843 2243 vidisse
854 2185 943 2241 nemi-

35 2269 38 2277 ¹
111 2295 143 2345 m
158 2301 232 2340 nem.
274 2283 385 2358 Neque,
407 2283 582 2353 mehercule,
598 2282 715 2358 injurii.
756 2281 837 2344 Quid
864 2281 942 2338 enim

159 2388 207 2436 aut
228 2379 403 2454 arrogantiae
425 2389 472 2436 aut
492 2377 640 2452 loquacius
660 2375 721 2434 fieri
741 2376 844 2452 potuit,
857 2395 942 2451 quam

158 2473 326 2545 Hannibali,
340 2473 389 2548 qui
403 2484 446 2530 tot
460 2491 550 2530 annos
564 2473 601 2530 de
614 2473 735 2548 imperio
749 2491 815 2530 eum
836 2471 944 2548 populo

158 2569 294 2628 Romane
328 2569 457 2626 earnium
491 2569 621 2645 gentium
655 2568 762 2625 viatore
795 2569 943 2639 certisset,

158 2665 291 2724 Gratum
312 2665 467 2734 huminem,
487 2664 537 2739 qui
559 2682 704 2739 nunquam
729 2664 850 2734 hostem,
871 2682 945 2720 nuu-

111 2771 244 2840 25-quam
270 2774 365 2820 eastra
389 2761 516 2834 vidisset,
537 2781 683 2836 nunquam
711 2760 835 2836 denique
861 2761 946 2818 mini·

159 2879 235 2918 mam
260 2869 369 2938 partem
397 2857 484 2916 ulliae
509 2857 619 2933 publiei
642 2858 770 2916 muneris
794 2857 944 2934 attigisset,

158 2966 301 3032 paecepta
314 2955 350 3016 de
364 2973 395 3013 re
408 2953 524 3012 militari
540 2955 629 3012 uarat
670 2953 738 3012 Hoe
757 2953 828 3012 mihi
850 2953 944 3010 faeere

160 3069 261 3110 omnes
277 3051 336 3126 isti,
356 3051 407 3128 ,qui
423 3051 463 3118 da
484 3059 545 3110 arte
565 3049 683 3128 dhendi
706 3050 885 3129 precipiunt,
905 3049 946 3109 ris
