2167 3567
134 265 191 328 188
452 281 495 328 ue
518 274 682 328 cainone.
877 279 964 340 {cru

217 425 313 488 xvii.
344 425 422 484 Tum
443 427 580 486 Catulus:
601 426 743 486 Praeclare
761 425 833 484 milri
847 425 964 497 rideris,

177 523 297 593 Antoni,
311 524 440 598 posuisse
462 534 527 581 ante
547 524 657 594 oculos,
671 523 740 598 quid
754 523 866 580 discere
880 541 965 597 opor·

176 628 249 676 teret
270 638 345 690 eum,
360 619 408 694 qui
422 630 517 677 orator
531 631 607 676 esset
627 620 756 688 futurus3
775 619 844 694 quid
864 619 962 689 etiam,

176 713 200 772 si
221 732 279 770 nou
300 714 457 786 didicisset,
477 733 513 773 ex
538 733 575 772 eo
601 715 678 790 quod
705 714 862 784 didicisset,
885 732 963 770 assu·

146 820 270 868 umere:
296 811 437 868 deduxisti
463 813 541 870 enim
568 821 660 868 totum
687 809 833 868 homiuem
853 809 883 866 in
903 809 961 867 duo

177 906 269 964 solum
295 926 402 984 genera
428 926 595 976 causarum3
623 916 720 964 cetera
742 905 963 965 innumerabilia

177 1003 374 1062 exercitationi
393 1012 423 1060 et
444 1003 624 1060 similitudini
645 1002 793 1076 reliquisti.
844 1001 901 1059 Sed
922 1001 963 1058 vi·

177 1098 252 1169 deto,
267 1117 303 1156 ne
318 1099 347 1156 iu
362 1099 423 1159 istis
442 1099 728 1176 duobusxgeueribus
744 1098 834 1174 hydre
847 1097 899 1154 tibi
913 1096 960 1168 sit,

176 1203 205 1250 et
218 1193 323 1269 pellis,
339 1195 480 1253 Hercules
500 1205 606 1265 autem,
620 1205 649 1252 et
663 1194 720 1252 alia
737 1211 825 1268 opera
844 1193 961 1268 majora,

131 1303 163 1352 10
176 1309 223 1361 ue,
238 1290 267 1348 in
282 1290 337 1348 illis
351 1292 435 1348 rebus
450 1310 519 1366 quas
539 1290 740 1367 praetermittis,
755 1288 959 1363 relinquantur.

176 1383 245 1447 Non
271 1385 348 1444 enirn
375 1386 445 1443 mihi
469 1385 565 1443 minus
587 1377 814 1462 operis'videtur
839 1384 874 1440 de
899 1383 963 1440 uni·

176 1481 265 1538 versis
291 1482 444 1557 generibus
476 1500 581 1553 rerum,
609 1499 694 1556 quem
718 1481 757 1545 de
783 1481 961 1556 singulorum

177 1575 282 1646 causis,
298 1594 332 1632 ec
346 1576 436 1634 multo
450 1576 535 1634 etiarn
550 1577 642 1652 majus
655 1576 692 1632 de
705 1576 807 1634 naturai
822 1575 960 1646 Deorum,

176 1689 262 1744 quam
281 1670 318 1727 de
338 1670 484 1729 hominum
501 1672 610 1743 litibus,
624 1672 730 1729 dicere.
771 1671 839 1730 Non
854 1684 897 1728 est
910 1671 960 1743 ita,

131 1779 162 1830 15
178 1765 270 1840 iuquit
291 1765 450 1824 Antonius:
470 1767 565 1825 dicam
585 1767 663 1826 enim
683 1767 746 1839 tibi,
767 1767 881 1840 Catule,
901 1786 961 1824 non

178 1863 234 1918 rain
255 1861 367 1932 doctus,
382 1880 466 1936 quam
482 1860 525 1937 (id
539 1862 614 1937 quod
633 1873 677 1920 est
697 1862 802 1943 majus)
817 1874 960 1939 expertus.

176 1956 314 2014 Omnium
335 1967 495 2014 ceterarum
521 1976 616 2016 rerum
643 1959 746 2030 cretio,
766 1959 838 2016 mihi
863 1960 959 2030 erede,

176 2053 262 2112 ludus
274 2063 318 2112 est
331 2053 438 2112 homini
458 2072 516 2112 nou
536 2054 642 2126 hebeti,
655 2073 748 2130 neque
762 2055 964 2127 inexercitato,

177 2167 269 2224 neque
296 2150 491 2208 communium
518 2150 663 2208 literarum
691 2162 720 2207 et
733 2149 886 2225 'politioris
910 2151 963 2208 hu-

130 2252 161 2304 m
178 2245 321 2304 munitatis
340 2247 466 2322 experti:
494 2246 524 2304 in
548 2265 700 2308 causarum
726 2246 961 2323 contentionibus

176 2361 311 2418 maguum
325 2352 369 2400 est
382 2342 522 2418 quoddam
535 2361 616 2418 opus,
632 2352 716 2417 atque
730 2340 805 2399 haud
819 2343 908 2399 sciam
923 2362 960 2400 au

177 2437 214 2494 de
228 2437 359 2494 humanis
372 2438 504 2513 operibus
519 2438 606 2516 longe
620 2438 792 2508 maximum3
813 2437 961 2512 inquibus

176 2532 219 2590 vis
244 2532 365 2590 oratoris
397 2533 563 2609 plerumque
590 2535 626 2591 ab
656 2533 794 2610 imperitis
826 2535 904 2592 exitu
929 2545 962 2592 et

176 2627 297 2686 victorid
314 2627 475 2704 judicatur;
504 2629 553 2687 ubi
574 2630 653 2687 adest
680 2640 805 2688 armatus
831 2630 960 2688 adversa·

129 2735 162 2788 aa
177 2724 245 2794 rius,
269 2723 318 2798 qui
342 2723 379 2782 sit
404 2736 435 2782 et
461 2725 606 2784 feriendus
629 2735 658 2782 et
681 2726 878 2802 repellendus:
908 2727 960 2784 ubi

176 2838 251 2896 sepe
277 2820 312 2892 is,
336 2820 385 2895 qui
411 2819 453 2878 rei
480 2820 613 2878 dominus
636 2821 748 2879 futurus
771 2832 825 2894 est,
849 2822 960 2880 alienus

177 2927 262 2993 atqua
290 2917 388 2990 iratus,
415 2927 464 2976 aut
489 2917 575 2976 etiam
607 2918 717 2978 amicus
743 2919 904 3001 adversario
929 2928 970 2981 etv
