2167 3567
92 312 162 375 ur]
393 318 436 365 os
458 318 620 365 carious.
907 303 943 362 31

41 534 44 544 ¹
133 466 208 525 XV.
231 466 337 529 Quam
357 468 396 525 ob
415 486 485 538 rem,
500 467 602 543 siquis
618 466 779 523 universam
791 473 822 523 et
833 480 898 541 pro·

90 562 191 638 priam
206 564 339 621 oratoris
352 564 409 621 vim
428 563 547 622 definire
568 562 775 638 complectique
788 562 858 633 vult,
872 561 898 619 is

91 670 193 717 orator
209 661 279 732 erit,
296 661 362 717 meri
383 660 535 733 sententii,
551 660 608 717 hoc
627 673 685 717 tam
699 658 778 735 gravi
791 658 898 735 dignus

88 757 233 828 nomine,
256 757 320 831 qui,
341 776 528 833 quascumque
549 775 594 813 res
614 755 759 826 inciderit,
777 774 840 830 quae
860 754 898 811 sit

89 852 235 910 dictione
256 854 439 929 explicanda,
458 853 623 929 prudenter,
636 862 666 909 et
685 852 855 927 composite,
868 860 898 907 et
912 858 929 909 5

87 960 213 1021 ornate,
236 960 268 1006 et
289 950 453 1007 memoriter
475 950 563 1019 dicat,
580 968 645 1005 cum
667 949 790 1023 quddam
809 948 898 1005 etiam

90 1044 230 1101 actionis
252 1043 403 1120 dignitate.
446 1043 499 1101 Sin
514 1043 638 1118 cuipiam
654 1041 742 1098 nimis
755 1040 898 1098 infinitum

88 1138 227 1208 ridetur,
255 1138 334 1212 quod
362 1138 402 1195 ite
428 1138 519 1214 posui,
546 1137 754 1212 “quicumque
777 1136 814 1193 de
837 1136 897 1206 re,’'

89 1232 172 1290 licet
200 1233 285 1305 hinc,
307 1243 445 1307 quantum
472 1233 578 1308 cuique
604 1230 755 1302 videbitur,
777 1230 900 1289 circum·

93 1327 184 1385 cidat
214 1337 302 1401 atquc
331 1336 473 1402 amputet:
501 1340 598 1384 tamen
624 1325 694 1383 illud
722 1326 837 1397 tenebo,
864 1324 899 1396 si,
916 1337 946 1387 1⁰

95 1440 168 1497 quae
206 1421 315 1478 ceteris
340 1420 370 1477 in
399 1420 507 1477 artibus
534 1430 583 1477 sut
611 1419 714 1477 studiis
741 1419 796 1478 sita
822 1430 899 1491 sunt,

98 1527 205 1574 orator
224 1516 348 1593 ignoret,
362 1526 528 1592 tantumque
549 1534 585 1573 ea
605 1525 702 1573 teneat
720 1534 783 1592 que
797 1514 899 1573 sintin

100 1612 368 1689 disceptationibus
383 1622 467 1687 atque
481 1612 511 1669 in
525 1632 579 1669 usu
598 1612 721 1682 forensi;
743 1623 839 1671 tamen
853 1612 899 1671 his

101 1710 143 1767 de
163 1710 256 1767 rebus
275 1708 345 1784 ipsis
359 1708 383 1765 ri
397 1708 434 1765 sit
447 1708 475 1765 ei
490 1709 655 1780 dicendum,
670 1728 736 1767 curn
757 1728 900 1786 cognove-

102 1806 143 1864 rit
169 1806 207 1863 ab
233 1805 278 1875 iis,
293 1804 342 1881 qui
365 1815 474 1877 tenent,
497 1824 561 1881 quae
586 1805 644 1863 sint
667 1806 697 1863 in
721 1806 835 1881 quique
857 1818 946 1878 re,1t5

104 1902 202 1960 multo
216 1912 359 1959 oratorem
373 1902 485 1973 melius,
500 1921 585 1977 quam
599 1902 676 1978 ipsos
690 1902 764 1974 illos,
778 1922 900 1978 quorum

106 2018 150 2057 ere
180 2008 248 2055 sunt
276 2007 360 2069 artes,
385 2016 448 2055 esse
475 1998 628 2056 dicturum.
689 1998 736 2056 Ita
758 1998 783 2055 si
808 1998 844 2056 de
867 2017 899 2055 re

108 2094 229 2153 militari
250 2093 406 2151 dicendum
428 2093 497 2150 huic
517 2094 573 2152 erit
594 2094 735 2169 Sulpicio,
758 2106 901 2169 quaereta

110 2192 145 2249 G.
168 2190 265 2249 Mario
295 2189 371 2247 affini
397 2200 503 2261 nostro,
531 2200 571 2260 et,
592 2207 659 2246 cum
686 2191 840 2264 acceperit,
861 2190 902 2248 ita

110 2286 320 2363 pronuntiabit,
334 2296 366 2345 ut
379 2286 433 2361 ipsi
450 2287 483 2344 C.
500 2284 596 2342 Mario
615 2303 697 2360 paene
718 2284 766 2341 hic
786 2284 899 2357 melius,
916 2297 949 2347 m

111 2403 198 2459 quam
213 2383 284 2459 ipse,
299 2383 349 2440 illa
362 2380 436 2441 scire
449 2383 594 2439 videatur:
615 2380 661 2437 sin
675 2380 787 2457 dejure
805 2381 899 2453 cirili3

111 2490 211 2537 tecum
232 2477 467 2550 communicabit,
491 2488 576 2553 teque
606 2476 751 2535 hominem
778 2478 901 2554 pruden·
984 2516 986 2520 .

111 2576 266 2645 tissimum,
280 2584 310 2631 et
322 2574 526 2650 peritissimum
540 2574 572 2631 in
585 2574 622 2631 iis
634 2573 704 2650 ipsis
719 2576 815 2649 rebus,
829 2596 900 2653 quas

4 2662 6 2755 i
114 2672 209 2729 abste
223 2670 366 2742 didicerit,
381 2669 497 2730 dicendi
514 2682 575 2729 arte
587 2672 754 2747 superabit:
775 2672 820 2730 sin
834 2692 898 2747 qum

4 2783 8 2897 ί
113 2787 159 2827 res
179 2768 325 2839 inciderit,
341 2768 370 2824 in
390 2768 448 2843 qud
468 2768 504 2825 de
524 2769 637 2839 naturai,
658 2767 694 2825 de
715 2769 790 2826 vitiis
810 2769 901 2826 homi·
917 2782 948 2833 25

113 2884 194 2936 num,
209 2864 246 2922 de
260 2864 474 2940 cupiditatibus,
490 2866 526 2923 de
546 2865 642 2937 modo,
656 2866 693 2923 de
711 2863 900 2935 coutinentid,

78 2962 151 3019 --de
165 2960 276 3033 dolore,
291 2960 328 3019 de
344 2971 435 3019 morte
455 2961 610 3020 dicendum
630 2962 677 3034 sit,
691 2960 820 3031 forsitan,
834 2959 901 3017 sici

76 3060 81 3075 '
115 3057 269 3129 sit-visum,
284 3056 352 3135 (etsi
372 3058 435 3119 haec
451 3058 567 3134 quidem
574 3058 665 3122 'ndsss
681 3058 767 3115 debet
779 3056 899 3136 orator,)
