<?xml version="1.0" encoding="UTF-8"?>
<!DOCTYPE html PUBLIC "-//W3C//DTD XHTML 1.0 Transitional//EN"
    "http://www.w3.org/TR/xhtml1/DTD/xhtml1-transitional.dtd">
<html xmlns="http://www.w3.org/1999/xhtml" xml:lang="en" lang="en">
 <head>
  <title>
</title>
<meta http-equiv="Content-Type" content="text/html;charset=utf-8" />
  <meta name='ocr-system' content='tesseract 3.04.00' />
  <meta name='ocr-capabilities' content='ocr_page ocr_carea ocr_par ocr_line ocrx_word'/>
</head>
<body>
  <div class='ocr_page' id='page_1' title='image "./mtciceronisadqu01dillgoog_0154.png"; bbox 0 0 2167 3567; ppageno 0'>
   <div class='ocr_carea' id='block_1_1' title="bbox 130 323 960 391">
    <p class='ocr_par' dir='ltr' id='par_1_1' title="bbox 130 323 960 391">
     <span class='ocr_line' id='line_1_1' title="bbox 130 323 960 391; baseline -0.011 -5"><span class='ocrx_word' id='word_1_1' title='bbox 130 323 187 386; x_wconf 68' lang='lat' dir='ltr'>m</span> <span class='ocrx_word' id='word_1_2' title='bbox 445 333 488 382; x_wconf 83' lang='lat' dir='ltr'>on</span> <span class='ocrx_word' id='word_1_3' title='bbox 510 333 671 382; x_wconf 75' lang='lat' dir='ltr'>cessone</span> <span class='ocrx_word' id='word_1_4' title='bbox 875 331 960 391; x_wconf 78' lang='lat' dir='ltr'>[nu.</span> 
     </span>
    </p>
   </div>
   <div class='ocr_carea' id='block_1_2' title="bbox 176 466 959 638">
    <p class='ocr_par' dir='ltr' id='par_1_2' title="bbox 176 466 959 638">
     <span class='ocr_line' id='line_1_2' title="bbox 176 466 959 559; baseline 0 -19"><span class='ocrx_word' id='word_1_5' title='bbox 176 497 274 540; x_wconf 84' lang='lat' dir='ltr'>eorum</span> <span class='ocrx_word' id='word_1_6' title='bbox 295 466 440 556; x_wconf 84' lang='lat' dir='ltr'>partimin</span> <span class='ocrx_word' id='word_1_7' title='bbox 454 482 568 559; x_wconf 75' lang='lat' dir='ltr'>pompt,</span> <span class='ocrx_word' id='word_1_8' title='bbox 585 481 689 557; x_wconf 86' lang='lat' dir='ltr'>partim</span> <span class='ocrx_word' id='word_1_9' title='bbox 702 480 732 538; x_wconf 92' lang='lat' dir='ltr'>in</span> <span class='ocrx_word' id='word_1_10' title='bbox 747 479 819 553; x_wconf 85' lang='lat' dir='ltr'>acie,</span> <span class='ocrx_word' id='word_1_11' title='bbox 834 479 959 540; x_wconf 76' lang='lat' dir='ltr'>mustrsa</span> 
     </span>
     <span class='ocr_line' id='line_1_3' title="bbox 176 579 407 638; baseline 0 -2"><span class='ocrx_word' id='word_1_12' title='bbox 176 595 238 636; x_wconf 88' lang='lat' dir='ltr'>esse</span> <span class='ocrx_word' id='word_1_13' title='bbox 252 579 407 638; x_wconf 85' lang='lat' dir='ltr'>voluerunt.</span> 
     </span>
    </p>
   </div>
   <div class='ocr_carea' id='block_1_3' title="bbox 129 767 960 3058">
    <p class='ocr_par' dir='ltr' id='par_1_3' title="bbox 129 767 960 2771">
     <span class='ocr_line' id='line_1_4' title="bbox 214 767 956 846; baseline -0.003 -18"><span class='ocrx_word' id='word_1_14' title='bbox 214 767 329 830; x_wconf 85' lang='lat' dir='ltr'><strong>XXIII.</strong></span> <span class='ocrx_word' id='word_1_15' title='bbox 360 770 461 845; x_wconf 90' lang='lat' dir='ltr'>Itaque</span> <span class='ocrx_word' id='word_1_16' title='bbox 487 781 515 832; x_wconf 81' lang='lat' dir='ltr'>et</span> <span class='ocrx_word' id='word_1_17' title='bbox 542 770 594 842; x_wconf 91' lang='lat' dir='ltr'>illi,</span> <span class='ocrx_word' id='word_1_18' title='bbox 621 770 814 846; x_wconf 85' lang='lat' dir='ltr'>Theopompi,</span> <span class='ocrx_word' id='word_1_19' title='bbox 837 770 956 845; x_wconf 82' lang='lat' dir='ltr'>Ephori,</span> 
     </span>
     <span class='ocr_line' id='line_1_5' title="bbox 176 865 958 942; baseline -0.004 -16"><span class='ocrx_word' id='word_1_20' title='bbox 176 865 298 940; x_wconf 73' lang='lat' dir='ltr'>Philisti,</span> <span class='ocrx_word' id='word_1_21' title='bbox 323 867 487 938; x_wconf 73' lang='lat' dir='ltr'>Naucratae,</span> <span class='ocrx_word' id='word_1_22' title='bbox 511 867 651 942; x_wconf 86' lang='lat' dir='ltr'>multique</span> <span class='ocrx_word' id='word_1_23' title='bbox 674 868 723 924; x_wconf 85' lang='lat' dir='ltr'>alii</span> <span class='ocrx_word' id='word_1_24' title='bbox 746 867 855 926; x_wconf 89' lang='lat' dir='ltr'>naturis</span> <span class='ocrx_word' id='word_1_25' title='bbox 878 867 958 924; x_wconf 82' lang='lat' dir='ltr'>diffs-</span> 
     </span>
     <span class='ocr_line' id='line_1_6' title="bbox 143 962 957 1034; baseline -0.004 -11"><span class='ocrx_word' id='word_1_26' title='bbox 143 973 160 1023; x_wconf 82' lang='lat'><strong>5</strong></span> <span class='ocrx_word' id='word_1_27' title='bbox 176 972 243 1019; x_wconf 86' lang='lat' dir='ltr'>runt</span> <span class='ocrx_word' id='word_1_28' title='bbox 251 981 259 1033; x_wconf 89' lang='lat'>;</span> <span class='ocrx_word' id='word_1_29' title='bbox 279 963 424 1021; x_wconf 86' lang='lat' dir='ltr'>voluntate</span> <span class='ocrx_word' id='word_1_30' title='bbox 439 973 532 1021; x_wconf 84' lang='lat' dir='ltr'>autem</span> <span class='ocrx_word' id='word_1_31' title='bbox 547 962 654 1020; x_wconf 75' lang='lat' dir='ltr'>similes</span> <span class='ocrx_word' id='word_1_32' title='bbox 667 974 743 1033; x_wconf 90' lang='lat' dir='ltr'>sunt,</span> <span class='ocrx_word' id='word_1_33' title='bbox 753 972 783 1019; x_wconf 90' lang='lat' dir='ltr'>et</span> <span class='ocrx_word' id='word_1_34' title='bbox 797 963 870 1020; x_wconf 90' lang='lat' dir='ltr'>inter</span> <span class='ocrx_word' id='word_1_35' title='bbox 884 980 957 1034; x_wconf 84' lang='lat' dir='ltr'>sese,</span> 
     </span>
     <span class='ocr_line' id='line_1_7' title="bbox 176 1047 957 1136; baseline -0.001 -21"><span class='ocrx_word' id='word_1_36' title='bbox 176 1068 206 1115; x_wconf 90' lang='lat' dir='ltr'>et</span> <span class='ocrx_word' id='word_1_37' title='bbox 218 1059 362 1136; x_wconf 80' lang='lat' dir='ltr'>magistri:</span> <span class='ocrx_word' id='word_1_38' title='bbox 384 1070 413 1116; x_wconf 86' lang='lat' dir='ltr'>et</span> <span class='ocrx_word' id='word_1_39' title='bbox 433 1058 464 1130; x_wconf 91' lang='lat' dir='ltr'>ii,</span> <span class='ocrx_word' id='word_1_40' title='bbox 479 1058 526 1133; x_wconf 95' lang='lat' dir='ltr'>qui</span> <span class='ocrx_word' id='word_1_41' title='bbox 547 1077 579 1115; x_wconf 90' lang='lat' dir='ltr'>se</span> <span class='ocrx_word' id='word_1_42' title='bbox 599 1059 633 1115; x_wconf 88' lang='lat' dir='ltr'>ad</span> <span class='ocrx_word' id='word_1_43' title='bbox 649 1077 750 1115; x_wconf 77' lang='lat' dir='ltr'>causas</span> <span class='ocrx_word' id='word_1_44' title='bbox 764 1047 957 1129; x_wconf 83' lang='lat' dir='ltr'>contulerunt,</span> 
     </span>
     <span class='ocr_line' id='line_1_8' title="bbox 176 1154 959 1230; baseline 0 -19"><span class='ocrx_word' id='word_1_45' title='bbox 176 1164 208 1226; x_wconf 87' lang='lat' dir='ltr'>nt</span> <span class='ocrx_word' id='word_1_46' title='bbox 231 1154 447 1226; x_wconf 79' lang='lat' dir='ltr'>Demosthenes,</span> <span class='ocrx_word' id='word_1_47' title='bbox 472 1154 643 1230; x_wconf 82' lang='lat' dir='ltr'>Hyperides,</span> <span class='ocrx_word' id='word_1_48' title='bbox 664 1155 822 1230; x_wconf 80' lang='lat' dir='ltr'>Lycurgus,</span> <span class='ocrx_word' id='word_1_49' title='bbox 844 1155 959 1211; x_wconf 71' lang='lat' dir='ltr'>AEschi·</span> 
     </span>
     <span class='ocr_line' id='line_1_9' title="bbox 176 1250 958 1326; baseline -0.003 -18"><span class='ocrx_word' id='word_1_50' title='bbox 176 1269 237 1322; x_wconf 86' lang='lat' dir='ltr'>nes,</span> <span class='ocrx_word' id='word_1_51' title='bbox 253 1251 426 1322; x_wconf 81' lang='lat' dir='ltr'>Diuerchus,</span> <span class='ocrx_word' id='word_1_52' title='bbox 442 1251 548 1326; x_wconf 84' lang='lat' dir='ltr'>aliique</span> <span class='ocrx_word' id='word_1_53' title='bbox 567 1250 737 1325; x_wconf 89' lang='lat' dir='ltr'>complures,</span> <span class='ocrx_word' id='word_1_54' title='bbox 758 1251 812 1308; x_wconf 89' lang='lat' dir='ltr'>etsi</span> <span class='ocrx_word' id='word_1_55' title='bbox 832 1252 906 1308; x_wconf 89' lang='lat' dir='ltr'>inter</span> <span class='ocrx_word' id='word_1_56' title='bbox 926 1269 958 1306; x_wconf 88' lang='lat' dir='ltr'>se</span> 
     </span>
     <span class='ocr_line' id='line_1_10' title="bbox 175 1347 958 1423; baseline -0.003 -19"><span class='ocrx_word' id='word_1_57' title='bbox 175 1367 258 1423; x_wconf 85' lang='lat' dir='ltr'>pares</span> <span class='ocrx_word' id='word_1_58' title='bbox 279 1367 336 1405; x_wconf 90' lang='lat' dir='ltr'>non</span> <span class='ocrx_word' id='word_1_59' title='bbox 358 1347 480 1418; x_wconf 88' lang='lat' dir='ltr'>suerunt,</span> <span class='ocrx_word' id='word_1_60' title='bbox 497 1357 592 1404; x_wconf 89' lang='lat' dir='ltr'>tamen</span> <span class='ocrx_word' id='word_1_61' title='bbox 613 1359 679 1404; x_wconf 87' lang='lat' dir='ltr'>sunt</span> <span class='ocrx_word' id='word_1_62' title='bbox 698 1366 798 1404; x_wconf 88' lang='lat' dir='ltr'>omues</span> <span class='ocrx_word' id='word_1_63' title='bbox 812 1347 842 1403; x_wconf 89' lang='lat' dir='ltr'>in</span> <span class='ocrx_word' id='word_1_64' title='bbox 856 1347 958 1403; x_wconf 87' lang='lat' dir='ltr'>eodem</span> 
     </span>
     <span class='ocr_line' id='line_1_11' title="bbox 130 1442 959 1519; baseline -0.01 -13"><span class='ocrx_word' id='word_1_65' title='bbox 130 1457 160 1505; x_wconf 91' lang='lat'>10</span> <span class='ocrx_word' id='word_1_66' title='bbox 175 1444 303 1508; x_wconf 75' lang='lat' dir='ltr'>,veritatis</span> <span class='ocrx_word' id='word_1_67' title='bbox 317 1443 461 1500; x_wconf 79' lang='lat' dir='ltr'>imitandae</span> <span class='ocrx_word' id='word_1_68' title='bbox 481 1461 587 1519; x_wconf 86' lang='lat' dir='ltr'>genere</span> <span class='ocrx_word' id='word_1_69' title='bbox 601 1442 713 1513; x_wconf 81' lang='lat' dir='ltr'>versati,</span> <span class='ocrx_word' id='word_1_70' title='bbox 728 1462 847 1517; x_wconf 89' lang='lat' dir='ltr'>quorum</span> <span class='ocrx_word' id='word_1_71' title='bbox 862 1462 959 1516; x_wconf 83' lang='lat' dir='ltr'>quam·</span> 
     </span>
     <span class='ocr_line' id='line_1_12' title="bbox 177 1537 958 1614; baseline -0.001 -17"><span class='ocrx_word' id='word_1_72' title='bbox 177 1540 225 1598; x_wconf 93' lang='lat' dir='ltr'>diu</span> <span class='ocrx_word' id='word_1_73' title='bbox 245 1539 350 1596; x_wconf 86' lang='lat' dir='ltr'>mansit</span> <span class='ocrx_word' id='word_1_74' title='bbox 370 1537 500 1610; x_wconf 82' lang='lat' dir='ltr'>imitatio,</span> <span class='ocrx_word' id='word_1_75' title='bbox 515 1538 623 1595; x_wconf 87' lang='lat' dir='ltr'>tamdiu</span> <span class='ocrx_word' id='word_1_76' title='bbox 644 1557 736 1614; x_wconf 83' lang='lat' dir='ltr'>genus</span> <span class='ocrx_word' id='word_1_77' title='bbox 755 1538 826 1596; x_wconf 88' lang='lat' dir='ltr'>illud</span> <span class='ocrx_word' id='word_1_78' title='bbox 841 1538 958 1596; x_wconf 89' lang='lat' dir='ltr'>dicendi</span> 
     </span>
     <span class='ocr_line' id='line_1_13' title="bbox 176 1634 957 1710; baseline -0.001 -18"><span class='ocrx_word' id='word_1_79' title='bbox 176 1635 358 1710; x_wconf 78' lang='lat' dir='ltr'>studiumque</span> <span class='ocrx_word' id='word_1_80' title='bbox 394 1634 479 1692; x_wconf 84' lang='lat' dir='ltr'>vixit:</span> <span class='ocrx_word' id='word_1_81' title='bbox 512 1645 704 1709; x_wconf 87' lang='lat' dir='ltr'>posteaquam,</span> <span class='ocrx_word' id='word_1_82' title='bbox 737 1634 871 1692; x_wconf 78' lang='lat' dir='ltr'>extinctis</span> <span class='ocrx_word' id='word_1_83' title='bbox 903 1635 957 1704; x_wconf 91' lang='lat' dir='ltr'>his,</span> 
     </span>
     <span class='ocr_line' id='line_1_14' title="bbox 176 1730 959 1788; baseline -0.001 0"><span class='ocrx_word' id='word_1_84' title='bbox 176 1730 270 1788; x_wconf 91' lang='lat' dir='ltr'>omnis</span> <span class='ocrx_word' id='word_1_85' title='bbox 290 1739 388 1788; x_wconf 81' lang='lat' dir='ltr'>eorum</span> <span class='ocrx_word' id='word_1_86' title='bbox 409 1730 547 1788; x_wconf 89' lang='lat' dir='ltr'>memoria</span> <span class='ocrx_word' id='word_1_87' title='bbox 571 1731 677 1788; x_wconf 80' lang='lat' dir='ltr'>sensim</span> <span class='ocrx_word' id='word_1_88' title='bbox 696 1731 849 1788; x_wconf 89' lang='lat' dir='ltr'>obscurata</span> <span class='ocrx_word' id='word_1_89' title='bbox 867 1738 959 1787; x_wconf 84' lang='lat' dir='ltr'>estet</span> 
     </span>
     <span class='ocr_line' id='line_1_15' title="bbox 176 1825 960 1902; baseline -0.005 -14"><span class='ocrx_word' id='word_1_90' title='bbox 176 1827 307 1897; x_wconf 82' lang='lat' dir='ltr'>evanuit;</span> <span class='ocrx_word' id='word_1_91' title='bbox 333 1827 388 1884; x_wconf 86' lang='lat' dir='ltr'>alia</span> <span class='ocrx_word' id='word_1_92' title='bbox 411 1827 541 1902; x_wconf 82' lang='lat' dir='ltr'>quaedam</span> <span class='ocrx_word' id='word_1_93' title='bbox 564 1826 680 1885; x_wconf 90' lang='lat' dir='ltr'>dicendi</span> <span class='ocrx_word' id='word_1_94' title='bbox 704 1825 835 1884; x_wconf 90' lang='lat' dir='ltr'>molliora</span> <span class='ocrx_word' id='word_1_95' title='bbox 859 1845 893 1884; x_wconf 87' lang='lat' dir='ltr'>ac</span> <span class='ocrx_word' id='word_1_96' title='bbox 915 1845 960 1884; x_wconf 90' lang='lat' dir='ltr'>re·</span> 
     </span>
     <span class='ocr_line' id='line_1_16' title="bbox 131 1922 958 2000; baseline 0.005 -24"><span class='ocrx_word' id='word_1_97' title='bbox 131 1927 162 1977; x_wconf 83' lang='lat'>15</span> <span class='ocrx_word' id='word_1_98' title='bbox 176 1922 307 1982; x_wconf 83' lang='lat' dir='ltr'>missiors</span> <span class='ocrx_word' id='word_1_99' title='bbox 326 1941 432 2000; x_wconf 86' lang='lat' dir='ltr'>genera</span> <span class='ocrx_word' id='word_1_100' title='bbox 451 1923 611 2000; x_wconf 82' lang='lat' dir='ltr'>viguerunt</span> <span class='ocrx_word' id='word_1_101' title='bbox 661 1922 733 1980; x_wconf 88' lang='lat' dir='ltr'>Inde</span> <span class='ocrx_word' id='word_1_102' title='bbox 753 1923 958 1994; x_wconf 75' lang='lat' dir='ltr'>Demochares,</span> 
     </span>
     <span class='ocr_line' id='line_1_17' title="bbox 177 2018 957 2095; baseline -0.001 -19"><span class='ocrx_word' id='word_1_103' title='bbox 177 2037 261 2095; x_wconf 90' lang='lat' dir='ltr'>quem</span> <span class='ocrx_word' id='word_1_104' title='bbox 290 2019 369 2078; x_wconf 85' lang='lat' dir='ltr'>aiunt</span> <span class='ocrx_word' id='word_1_105' title='bbox 393 2019 496 2078; x_wconf 90' lang='lat' dir='ltr'>sororis</span> <span class='ocrx_word' id='word_1_106' title='bbox 523 2019 612 2077; x_wconf 88' lang='lat' dir='ltr'>filium</span> <span class='ocrx_word' id='word_1_107' title='bbox 640 2018 727 2076; x_wconf 85' lang='lat' dir='ltr'>fuisse</span> <span class='ocrx_word' id='word_1_108' title='bbox 753 2018 957 2077; x_wconf 83' lang='lat' dir='ltr'>Demostheni:</span> 
     </span>
     <span class='ocr_line' id='line_1_18' title="bbox 176 2115 959 2187; baseline -0.005 -13"><span class='ocrx_word' id='word_1_109' title='bbox 176 2126 238 2174; x_wconf 89' lang='lat' dir='ltr'>tum</span> <span class='ocrx_word' id='word_1_110' title='bbox 251 2115 406 2173; x_wconf 83' lang='lat' dir='ltr'>Phalereus</span> <span class='ocrx_word' id='word_1_111' title='bbox 426 2115 474 2174; x_wconf 89' lang='lat' dir='ltr'>ille</span> <span class='ocrx_word' id='word_1_112' title='bbox 494 2115 668 2187; x_wconf 87' lang='lat' dir='ltr'>Demetrius,</span> <span class='ocrx_word' id='word_1_113' title='bbox 682 2115 810 2172; x_wconf 86' lang='lat' dir='ltr'>omnium</span> <span class='ocrx_word' id='word_1_114' title='bbox 829 2115 959 2184; x_wconf 87' lang='lat' dir='ltr'>istorum,</span> 
     </span>
     <span class='ocr_line' id='line_1_19' title="bbox 176 2211 959 2288; baseline -0.004 -18"><span class='ocrx_word' id='word_1_115' title='bbox 176 2211 241 2270; x_wconf 69' lang='lat' dir='ltr'>meh</span> <span class='ocrx_word' id='word_1_116' title='bbox 261 2213 412 2282; x_wconf 61' lang='lat' dir='ltr'>sententie,</span> <span class='ocrx_word' id='word_1_117' title='bbox 425 2211 621 2288; x_wconf 88' lang='lat' dir='ltr'>politissimus,</span> <span class='ocrx_word' id='word_1_118' title='bbox 641 2211 745 2282; x_wconf 87' lang='lat' dir='ltr'>aliique</span> <span class='ocrx_word' id='word_1_119' title='bbox 763 2230 862 2267; x_wconf 88' lang='lat' dir='ltr'>eorum</span> <span class='ocrx_word' id='word_1_120' title='bbox 883 2211 959 2267; x_wconf 88' lang='lat' dir='ltr'>sirni-</span> 
     </span>
     <span class='ocr_line' id='line_1_20' title="bbox 130 2306 958 2380; baseline 0 -16"><span class='ocrx_word' id='word_1_121' title='bbox 130 2355 132 2364; x_wconf 80' lang='grc'>,</span> <span class='ocrx_word' id='word_1_122' title='bbox 177 2309 219 2367; x_wconf 91' lang='lat' dir='ltr'>les</span> <span class='ocrx_word' id='word_1_123' title='bbox 233 2308 408 2366; x_wconf 83' lang='lat' dir='ltr'>exstiterunt.</span> <span class='ocrx_word' id='word_1_124' title='bbox 447 2306 524 2369; x_wconf 75' lang='lat' dir='ltr'>Qum</span> <span class='ocrx_word' id='word_1_125' title='bbox 545 2307 569 2364; x_wconf 91' lang='lat' dir='ltr'>si</span> <span class='ocrx_word' id='word_1_126' title='bbox 590 2308 716 2365; x_wconf 81' lang='lat' dir='ltr'>volemus</span> <span class='ocrx_word' id='word_1_127' title='bbox 736 2307 879 2380; x_wconf 87' lang='lat' dir='ltr'>usquead</span> <span class='ocrx_word' id='word_1_128' title='bbox 901 2307 958 2364; x_wconf 90' lang='lat' dir='ltr'>hoc</span> 
     </span>
     <span class='ocr_line' id='line_1_21' title="bbox 129 2403 959 2480; baseline 0 -20"><span class='ocrx_word' id='word_1_129' title='bbox 129 2409 161 2460; x_wconf 63' lang='lat' dir='ltr'><strong><em>w</em></strong></span> <span class='ocrx_word' id='word_1_130' title='bbox 177 2415 289 2480; x_wconf 87' lang='lat' dir='ltr'>tempus</span> <span class='ocrx_word' id='word_1_131' title='bbox 302 2404 450 2480; x_wconf 81' lang='lat' dir='ltr'>persequi3</span> <span class='ocrx_word' id='word_1_132' title='bbox 473 2404 674 2480; x_wconf 85' lang='lat' dir='ltr'>intelligemus,</span> <span class='ocrx_word' id='word_1_133' title='bbox 690 2414 721 2460; x_wconf 91' lang='lat' dir='ltr'>ut</span> <span class='ocrx_word' id='word_1_134' title='bbox 735 2404 820 2459; x_wconf 87' lang='lat' dir='ltr'>hodie</span> <span class='ocrx_word' id='word_1_135' title='bbox 833 2403 959 2460; x_wconf 81' lang='lat' dir='ltr'>Alaban-</span> 
     </span>
     <span class='ocr_line' id='line_1_22' title="bbox 177 2500 960 2575; baseline -0.003 -17"><span class='ocrx_word' id='word_1_136' title='bbox 177 2501 294 2559; x_wconf 87' lang='lat' dir='ltr'>densem</span> <span class='ocrx_word' id='word_1_137' title='bbox 314 2501 395 2558; x_wconf 90' lang='lat' dir='ltr'>illum</span> <span class='ocrx_word' id='word_1_138' title='bbox 416 2500 590 2570; x_wconf 85' lang='lat' dir='ltr'>Meneclem,</span> <span class='ocrx_word' id='word_1_139' title='bbox 602 2510 631 2557; x_wconf 89' lang='lat' dir='ltr'>et</span> <span class='ocrx_word' id='word_1_140' title='bbox 644 2500 705 2575; x_wconf 88' lang='lat' dir='ltr'>ejus</span> <span class='ocrx_word' id='word_1_141' title='bbox 722 2500 836 2557; x_wconf 81' lang='lat' dir='ltr'>fratrem</span> <span class='ocrx_word' id='word_1_142' title='bbox 857 2500 960 2556; x_wconf 72' lang='lat' dir='ltr'>Hiero</span> 
     </span>
     <span class='ocr_line' id='line_1_23' title="bbox 177 2595 959 2674; baseline -0.004 -18"><span class='ocrx_word' id='word_1_143' title='bbox 177 2597 262 2668; x_wconf 90' lang='lat' dir='ltr'>clem,</span> <span class='ocrx_word' id='word_1_144' title='bbox 282 2615 353 2672; x_wconf 93' lang='lat' dir='ltr'>quos</span> <span class='ocrx_word' id='word_1_145' title='bbox 373 2615 428 2674; x_wconf 78' lang='lat' dir='ltr'>ego</span> <span class='ocrx_word' id='word_1_146' title='bbox 449 2596 554 2667; x_wconf 75' lang='lat' dir='ltr'>auditi,</span> <span class='ocrx_word' id='word_1_147' title='bbox 567 2606 635 2674; x_wconf 87' lang='lat' dir='ltr'>tota</span> <span class='ocrx_word' id='word_1_148' title='bbox 654 2596 781 2653; x_wconf 89' lang='lat' dir='ltr'>imitetur</span> <span class='ocrx_word' id='word_1_149' title='bbox 801 2595 888 2665; x_wconf 83' lang='lat' dir='ltr'>Asia3</span> <span class='ocrx_word' id='word_1_150' title='bbox 915 2597 959 2653; x_wconf 89' lang='lat' dir='ltr'>sic</span> 
     </span>
     <span class='ocr_line' id='line_1_24' title="bbox 178 2692 959 2771; baseline -0.003 -19"><span class='ocrx_word' id='word_1_151' title='bbox 178 2711 290 2771; x_wconf 88' lang='lat' dir='ltr'>semper</span> <span class='ocrx_word' id='word_1_152' title='bbox 310 2693 397 2750; x_wconf 89' lang='lat' dir='ltr'>suisse</span> <span class='ocrx_word' id='word_1_153' title='bbox 416 2693 549 2768; x_wconf 87' lang='lat' dir='ltr'>aliquem,</span> <span class='ocrx_word' id='word_1_154' title='bbox 564 2692 646 2768; x_wconf 87' lang='lat' dir='ltr'>cujus</span> <span class='ocrx_word' id='word_1_155' title='bbox 661 2711 693 2749; x_wconf 90' lang='lat' dir='ltr'>se</span> <span class='ocrx_word' id='word_1_156' title='bbox 706 2692 814 2749; x_wconf 91' lang='lat' dir='ltr'>similes</span> <span class='ocrx_word' id='word_1_157' title='bbox 832 2692 959 2768; x_wconf 86' lang='lat' dir='ltr'>plerique</span> 
     </span>
    </p>

    <p class='ocr_par' dir='ltr' id='par_1_4' title="bbox 130 2788 960 3058">
     <span class='ocr_line' id='line_1_25' title="bbox 132 2788 430 2848; baseline -0.013 0"><span class='ocrx_word' id='word_1_158' title='bbox 132 2836 135 2848; x_wconf 85' lang='grc'><strong>.</strong></span> <span class='ocrx_word' id='word_1_159' title='bbox 178 2807 243 2848; x_wconf 85' lang='lat' dir='ltr'>esse</span> <span class='ocrx_word' id='word_1_160' title='bbox 254 2788 366 2847; x_wconf 80' lang='lat' dir='ltr'>vellent.</span> <span class='ocrx_word' id='word_1_161' title='bbox 429 2805 430 2808; x_wconf 71' lang='grc'>’</span> 
     </span>
     <span class='ocr_line' id='line_1_26' title="bbox 130 2882 960 2963; baseline -0.002 -19"><span class='ocrx_word' id='word_1_162' title='bbox 130 2893 162 2944; x_wconf 75' lang='lat'>25</span> <span class='ocrx_word' id='word_1_163' title='bbox 216 2885 302 2943; x_wconf 84' lang='lat' dir='ltr'>Hanc</span> <span class='ocrx_word' id='word_1_164' title='bbox 323 2883 409 2963; x_wconf 83' lang='lat' dir='ltr'>igitur</span> <span class='ocrx_word' id='word_1_165' title='bbox 422 2882 638 2943; x_wconf 87' lang='lat' dir='ltr'>similitudinem</span> <span class='ocrx_word' id='word_1_166' title='bbox 646 2883 697 2958; x_wconf 88' lang='lat' dir='ltr'>q&#39;ui</span> <span class='ocrx_word' id='word_1_167' title='bbox 713 2883 872 2941; x_wconf 81' lang='lat' dir='ltr'>imitatione</span> <span class='ocrx_word' id='word_1_168' title='bbox 886 2903 960 2942; x_wconf 86' lang='lat' dir='ltr'>asse-</span> 
     </span>
     <span class='ocr_line' id='line_1_27' title="bbox 177 2979 959 3058; baseline -0.004 -18"><span class='ocrx_word' id='word_1_169' title='bbox 177 2982 227 3058; x_wconf 89' lang='lat' dir='ltr'>qui</span> <span class='ocrx_word' id='word_1_170' title='bbox 252 2981 337 3056; x_wconf 89' lang='lat' dir='ltr'>volet,</span> <span class='ocrx_word' id='word_1_171' title='bbox 364 2990 424 3038; x_wconf 91' lang='lat' dir='ltr'>tum</span> <span class='ocrx_word' id='word_1_172' title='bbox 450 2979 701 3038; x_wconf 84' lang='lat' dir='ltr'>exercitationibus</span> <span class='ocrx_word' id='word_1_173' title='bbox 733 2980 842 3037; x_wconf 87' lang='lat' dir='ltr'>crebris</span> <span class='ocrx_word' id='word_1_174' title='bbox 874 2990 959 3053; x_wconf 77' lang='lat' dir='ltr'>atque</span> 
     </span>
    </p>
   </div>
   <div class='ocr_carea' id='block_1_4' title="bbox 0 0 1090 3567">
    <p class='ocr_par' dir='ltr' id='par_1_5' title="bbox 0 0 1090 3567">
     <span class='ocr_line' id='line_1_28' title="bbox 0 0 1090 3567; baseline 0 0"><span class='ocrx_word' id='word_1_175' title='bbox 0 0 1090 3567; x_wconf 95' lang='lat' dir='ltr'> </span> 
     </span>
    </p>
   </div>
  </div>
 </body>
</html>
