2167 3567
133 309 212 374 nrt]
411 314 454 360 na
476 313 639 362 onauonn
904 306 961 366 127

133 457 279 516 videbatur
301 460 329 518 id
353 461 459 533 disere,
481 461 510 519 in
538 481 595 536 qno
623 462 729 537 aliquid
756 462 915 540 generatim

132 563 314 628 quaereretur,
336 558 391 614 hoo
411 559 512 616 modo:
537 558 742 633 Expetendane
764 572 838 616 esset
858 559 916 616 elo-

132 652 267 725 quentia?
294 654 482 730 expetendine
503 655 645 714 honorest
671 666 781 712 oerturn
809 666 914 728 autern,

131 745 160 804 in
181 767 240 822 quo
258 749 326 823 quid
347 749 375 807 in
396 751 535 825 personis,
556 761 586 807 et
606 751 635 808 in
660 751 816 809 constituta
835 771 867 808 re
886 762 915 810 et

131 842 258 915 definita,
286 857 475 919 quaereretur3
510 847 670 923 cujusmodi
697 858 773 918 sunt,
798 867 860 922 quae
884 848 945 905 ino

130 939 193 996 foro
207 950 290 1015 atque
310 942 340 1000 in
361 943 466 1000 nivium
487 944 583 1001 nausis
602 944 915 1019 disceptationibusque

129 1047 284 1095 versantur.
339 1037 384 1096 Ea
403 1039 473 1095 mihi
494 1039 627 1117 videntur
648 1050 697 1096 aut
717 1039 746 1096 in
766 1039 817 1096 lite
840 1039 915 1096 ordi·

126 1132 235 1204 nandd,
250 1143 299 1190 aut
318 1132 348 1190 in
369 1134 490 1192 oonsilio
510 1134 616 1205 dando,
636 1153 699 1192 esse
718 1135 826 1210 posita:
847 1153 914 1192 narn

127 1227 199 1286 illud
214 1229 338 1306 tertium,
352 1231 428 1306 quod
441 1241 471 1288 et
486 1251 502 1288 a
516 1231 620 1289 Crasso
635 1242 743 1288 tanturn
757 1241 809 1301 est,
824 1241 854 1288 et
868 1231 914 1307 (ut

126 1323 228 1402 audio)
256 1323 304 1382 ille
331 1323 391 1402 ipse
419 1326 599 1397 Aristoteles,
626 1327 675 1401 qui
702 1327 764 1384 haec
790 1328 913 1385 maxime
928 1340 959 1405 19

127 1418 288 1492 illustrarit,
317 1422 453 1498 adjunxit,
487 1423 599 1483 etiamsi
632 1441 704 1498 opus
736 1433 789 1494 est,
816 1433 913 1482 tamen

126 1515 223 1576 minus
244 1527 286 1584 est
307 1518 508 1576 necessarium.
549 1517 719 1580 Quidnamt
747 1519 838 1594 inquit
858 1518 913 1576 Ca·

126 1611 205 1668 tulus
213 1632 221 1683 ;
244 1631 280 1671 an
292 1613 489 1679 laudationes?
510 1614 539 1672 id
554 1614 631 1672 enim
642 1613 725 1674 rideo
739 1615 809 1692 poni
821 1634 913 1692 genus

125 1710 252 1770 tertium.

166 1900 221 1959 XL
251 1900 306 1974 Ita¹
326 1901 418 1977 inquit
444 1902 607 1973 Antonius;
631 1913 665 1962 et
691 1902 720 1961 in
741 1921 777 1961 eo
796 1902 910 1978 quidem
927 1916 958 1963 15

126 2016 233 2076 genere
259 1999 321 2056 noio
347 2009 376 2055 et
403 2017 459 2070 me,
487 2008 515 2058 et
546 2018 646 2058 omnes
677 1999 727 2075 qui
760 1999 911 2071 affuerunt,

127 2094 282 2156 delectatos
313 2113 376 2152 esse
410 2094 602 2165 vehementer,
636 2113 703 2152 cum
737 2095 788 2154 ahs
813 2107 842 2154 te
868 2106 913 2153 est
1013 2123 1019 2132 ·

126 2189 247 2266 Popilia,
281 2204 372 2250 mater
405 2201 507 2262 vestra,
540 2191 672 2261 laudata;
702 2191 755 2248 oui
786 2191 911 2266 primurn

125 2287 239 2346 mulieri
259 2287 337 2344 huno
357 2288 495 2346 honorem
517 2286 547 2344 in
567 2290 666 2344 nostra
685 2287 801 2346 civitate
824 2288 912 2346 tribn-
953 2362 956 2367 ⁴

125 2393 186 2442 turn
206 2394 294 2460 puto:
321 2383 372 2442 sed
395 2402 455 2442 non
481 2383 589 2454 omnia,
609 2401 797 2458 quecumque
823 2383 911 2459 loqui·
925 2395 957 2444 20

124 2498 198 2551 mur,
222 2479 293 2536 mihi
318 2479 450 2537 videntur
478 2479 513 2538 ad
541 2490 629 2537 artern
657 2492 686 2538 et
711 2479 746 2537 ad
769 2490 912 2555 praeoepts

125 2595 188 2634 esse
214 2576 383 2642 revocanda.
425 2575 470 2636 Ex
497 2575 546 2635 his,
567 2576 644 2634 enim
671 2575 808 2646 fontibus,
835 2576 911 2638 unde

125 2673 223 2734 omnia
236 2683 335 2734 ornate
349 2672 464 2730 dicandi
477 2682 621 2748 precepta
638 2684 797 2744 sumuntur,
811 2672 912 2731 licebit

125 2769 211 2832 etiam
232 2768 426 2830 laudationem
446 2787 561 2840 ornare,
580 2787 673 2843 neque
694 2768 744 2826 illa
768 2768 912 2826 elementa

125 2865 303 2936 desiderare;
331 2885 394 2940 quie
415 2875 446 2924 ut
466 2884 552 2925 uerno
578 2865 680 2936 tradat,
702 2863 766 2940 quis
787 2873 841 2935 est,
860 2863 909 2940 qui
924 2879 957 2928 ᾖ

124 2962 246 3034 neseiat,
260 2981 322 3038 qun
343 2962 399 3022 sint
419 2961 449 3020 in
470 2961 586 3020 homine
605 2959 768 3019 laudandat
807 2959 910 3020 Positis

125 3059 204 3126 onim
221 3059 260 3129 iis
279 3058 381 3132 rebus,⁴
394 3076 470 3134 quas
484 3056 607 3120 Crassus
625 3055 656 3116 in
676 3055 753 3117 iliius
772 3055 910 3117 orationis
