2167 3567
138 301 195 362 116
455 308 496 357 on
519 305 681 358 ouumonn.
846 268 851 332 s
883 303 964 366 [nn.

184 459 286 530 aiebat,
307 459 412 516 bonam
432 469 540 535 partem
562 457 701 516 sermonis
728 456 758 514 in
783 455 862 512 hunc
888 454 966 512 diem

182 575 244 612 ense
259 556 384 613 dilatam.
426 557 492 615 Hoc
506 557 530 612 si
544 567 574 613 tu
588 555 725 631 cupidius
744 553 849 610 factum
870 551 966 608 existi·

182 672 253 724 mas,
279 652 385 710 Caesari
415 653 567 722 attribues;
599 652 622 708 si
650 650 826 720 familiarius,
851 649 966 722 utrique

182 749 320 806 nostrrim.
361 747 425 805 Nos
445 748 570 823 quidem,
585 747 641 805 nisi
661 745 734 804 forte
753 745 866 803 molesti
880 745 966 802 inter·

150 855 167 904 5
183 846 320 916 venimus,
336 845 446 902 venisse
460 845 591 902 delectat.

222 1037 273 1095 IV.
305 1038 382 1095 Tum
419 1038 551 1110 Crassus,
589 1037 740 1113 Equidem,
778 1053 965 1112 quacumque

183 1154 270 1192 causa
284 1154 333 1192 vos
354 1135 411 1192 huc
432 1135 580 1207 attulisset,
601 1137 721 1206 laetarer,
736 1153 803 1192 cum
825 1134 897 1210 apud
918 1151 965 1189 me

182 1232 308 1288 viderem
330 1233 460 1289 homines
483 1232 554 1288 mihi
582 1233 745 1313 carissimos
772 1243 800 1288 et
828 1229 965 1288 amicissi-

182 1349 259 1388 mos:
291 1331 472 1401 sed-tamen,
497 1333 563 1387 ve're
590 1331 694 1402 dicam,
719 1330 825 1404 quaevis
851 1329 965 1386 mallem

136 1442 167 1490 10
183 1427 292 1498 fuisset,
308 1445 392 1502 quam
413 1427 475 1497 ista,
498 1445 583 1500 quarn
604 1427 685 1484 dicis.
726 1426 790 1502 Ego
810 1426 886 1482 enim
909 1424 964 1500 (ut,

183 1524 420 1598 quemadmodum
448 1524 552 1594 senti0,
579 1523 692 1599 loquar)
720 1541 865 1596 nunquam
894 1521 965 1578 milri

182 1620 287 1689 minus,
302 1637 385 1693 quam
407 1618 540 1675 hesterno
562 1619 618 1689 die,
639 1619 745 1694 placui,
767 1616 872 1694 (magis
893 1617 965 1674 adeo

183 1715 210 1772 id
233 1715 369 1772 facilitate
390 1733 474 1790 quam
496 1715 552 1772 alifa
573 1715 631 1771 unt
652 1714 736 1789 culpd
750 1714 814 1770 med
828 1713 963 1793 contigit)

183 1811 241 1884 qui,
264 1811 330 1866 dum
358 1812 500 1884 obsequor
528 1810 767 1881 adolescentibus,
794 1829 840 1866 me
867 1828 964 1867 senem

136 1926 167 1974 15
182 1925 244 1964 esse
258 1925 319 1964 sum
335 1907 450 1980 oblitus,
472 1907 585 1982 fecique
599 1906 638 1978 id,
651 1907 727 1980 quod
746 1925 784 1962 ne
798 1906 966 1963 adolescens

183 2003 297 2077 quidem
319 2003 452 2074 feceram,
474 2017 505 2060 ut
525 2003 561 2059 iis
581 2003 617 2060 de
637 2004 813 2076 rebusque
833 2003 965 2059 doctrind

184 2098 278 2172 aliqud
312 2099 536 2170 continerentur,
570 2099 753 2174 disputarem.
815 2098 872 2155 Sed
909 2098 965 2156 hoc

182 2207 278 2252 tamen
303 2195 410 2252 cecidit
434 2197 503 2252 mihi
527 2189 748 2272 peropportune,
770 2195 856 2268 quod,
877 2206 971 2252 trans·

184 2291 255 2348 actis
279 2291 337 2368 jam
366 2292 436 2349 meis
465 2293 602 2367 partibus,
631 2291 666 2348 ad
695 2291 854 2348 Antonium
889 2291 967 2348 cudi·

135 2397 167 2446 20
184 2384 287 2444 endum
309 2388 433 2460 venistis.
474 2388 552 2444 Tum
573 2388 681 2458 Caesar,
696 2387 848 2460 Equidem,
863 2387 965 2461 inquit,
1031 2395 1034 2404 “

183 2483 295 2552 Crasse,
319 2483 357 2540 ita
379 2503 441 2539 sum
464 2483 585 2558 cupidus
607 2494 636 2540 te
658 2483 687 2540 in
709 2483 760 2539 itlt
779 2483 909 2559 longiore
931 2501 966 2539 ac

182 2579 319 2653 perpetual
347 2578 538 2652 disputatione
566 2578 712 2648 audiendi,
733 2589 774 2649 ut,
797 2579 821 2634 si
843 2579 872 2634 id
896 2577 967 2635 mihi

182 2674 277 2730 minus
304 2673 462 2750 contingat,
490 2674 533 2731 vel
562 2674 617 2730 hcc
643 2674 696 2730 sim
724 2675 890 2749 quotidiano
916 2685 968 2731 tuo

182 2787 313 2827 sermone
341 2780 500 2827 contentus.
552 2769 652 2844 Itaque
679 2771 807 2846 experiar
834 2771 967 2844 equidem

135 2867 167 2916 25
183 2867 262 2938 illud,
277 2878 309 2924 ut
322 2867 359 2924 'ne
375 2866 530 2942 Sulpicius,
543 2866 691 2924 familiaris
704 2887 795 2938 meus,
808 2878 856 2925 aut
869 2867 965 2938 Cotta,

181 2963 349 3040 plusquam
370 2983 434 3040 ego,
456 2964 529 3038 apud
551 2973 580 3020 te
601 2963 695 3021 valere
717 2964 862 3033 videatur3
889 2973 918 3019 et
938 2974 967 3020 te

183 3063 307 3120 exorabo
326 3063 467 3142 profecto,
481 3073 513 3120 ut
533 3061 604 3120 mihi
625 3081 737 3139 quoque
750 3073 779 3122 et
792 3061 895 3122 Catulo
910 3070 967 3120 tuac
