2167 3567
110 326 192 388 aaa]
390 319 433 376 ul:
455 321 617 375 umacus.
883 319 939 380 177
1032 318 1037 329 '

110 474 193 532 necis
212 473 308 532 socius
327 473 414 547 fuisti,
429 473 502 551 quo'd
517 493 580 534 earn
594 475 687 553 legem
702 475 732 534 in
745 476 893 536 tribunatu

109 570 211 642 tulisti,
241 571 317 648 quod
344 590 454 647 semper
482 589 498 630 a
523 572 608 630 bouis
633 573 798 632 dissensisti.
847 573 893 633 Ex

110 667 206 723 causis
233 678 328 724 autem
354 685 447 726 rerum
476 667 535 726 sio:
564 668 720 726 Avaritiam
744 670 769 727 'si
792 670 893 728 tollere

109 762 204 834 vultis,
226 774 316 820 mater
336 765 398 840 ejus
417 774 461 821 est
474 763 609 836 tollenda,
623 764 756 822 luxuries.
798 766 843 824 Ex
857 767 892 824 iis

111 869 216 929 autern,
244 876 306 934 quae
340 869 406 916 sunt
438 870 501 917 orta
532 860 569 917 de
595 860 705 918 causis:
740 861 773 918 Si
799 862 922 919 rorariib

110 953 211 1029 copiis,
233 965 262 1012 et
284 955 318 1012 ad
339 955 408 1012 belli
430 956 601 1032 adjumenta,
616 966 645 1012 et
666 956 701 1012 ad
724 968 893 1015 ornamenta

108 1051 189 1125 pacis
216 1051 331 1122 utimur,
353 1051 540 1128 vectigalibus
564 1039 726 1110 serviamus.
780 1051 894 1130 Majora

110 1155 215 1217 autam,
237 1157 264 1204 et
286 1147 405 1218 minora,
426 1156 455 1204 et
474 1147 554 1222 paria
579 1147 817 1222 comparabimus,
838 1149 889 1208 sic.

110 1238 155 1296 Ex
174 1242 298 1318 majore:
320 1242 352 1300 Si
362 1240 440 1301 *bona
460 1243 631 1301 existimatio
649 1243 754 1300 divitiis
767 1254 889 1319 praestat,

109 1346 139 1394 et
164 1338 289 1412 pecunia
314 1348 461 1414 tantopere
493 1339 644 1414 expetitur,
671 1349 778 1414 quanto
802 1339 892 1418 gloria
905 1348 938 1398 lu

109 1433 201 1511 magis
214 1445 258 1492 est
271 1434 448 1511 expetenda?
488 1433 533 1493 Ex
546 1434 657 1492 minore
670 1435 729 1493 sic:

448 1549 464 1576 “
472 1545 521 1608 hic,
532 1529 615 1610 parate
625 1547 813 1595 consuetudinis

152 1623 235 1674 Causa
246 1625 321 1689 hujus
332 1631 436 1674 mortem
446 1624 494 1674 ort
504 1631 555 1674 tam
565 1623 731 1674 familiariter:

151 1705 219 1764 Quid
230 1705 251 1754 si
262 1705 314 1770 ipss
326 1706 448 1755 amasset?
465 1705 523 1769 quid
533 1705 596 1754 milri
606 1705 647 1755 hic
657 1705 732 1754 saciet
742 1705 823 1770 patri?
831 1705 846 1728 ”

109 1821 155 1881 Ex
173 1821 235 1897 pari
255 1819 314 1880 sic:
334 1821 387 1880 Est
406 1821 533 1899 ejusdem
553 1830 583 1880 et
597 1821 717 1898 eripere,
733 1820 776 1900 [et
789 1832 891 1881 contra
903 1830 935 1881 15

109 1917 314 1993 rempublicam
340 1917 461 1997 largiri]
488 1916 635 1993 pecunias.
682 1914 777 1974 Foris
795 1929 889 1977 autem

110 2022 291 2070 assumuntur
310 2031 355 2085 ea,
375 2031 437 2087 quae
463 2031 521 2069 non
549 2011 602 2069 sui
622 2011 660 2083 ui,
680 2012 731 2070 sed
753 1998 889 2071 extranei

109 2109 301 2180 sublevantur,
328 2119 359 2166 ut
385 2108 463 2166 haec:
498 2107 565 2165 Hoc
593 2125 690 2164 aarum
724 2118 782 2178 est3
817 2109 889 2166 dixit

108 2203 186 2262 enim
199 2204 239 2266 Q.
255 2203 400 2262 Lutatius:
422 2203 489 2260 Hoc
503 2203 604 2260 susum
619 2213 678 2273 est;
700 2203 797 2261 habita
812 2205 888 2262 enim

110 2300 229 2375 quaestio
241 2310 300 2358 eat:
322 2300 388 2358 Hoc
402 2299 482 2374 sequi
495 2317 615 2377 necesse
628 2309 686 2369 est;
707 2300 798 2357 recito
812 2301 888 2356 anim
902 2315 933 2366 m

109 2396 229 2454 tabulas.
282 2395 327 2454 De
346 2413 403 2471 quo
425 2413 529 2472 genere
550 2405 612 2453 toto
630 2395 716 2472 paulo
736 2409 802 2455 aute
821 2395 889 2454 dixi.

109 2490 194 2563 Haec,
221 2501 253 2549 ut
278 2491 442 2550 brevissime
468 2491 527 2550 dici
552 2500 716 2568 potueruut,
741 2491 782 2550 ita
804 2509 821 2551 a
843 2509 890 2550 me

109 2587 188 2645 (licta
201 2597 275 2647 sunt.

148 2777 229 2837 XLI.
259 2777 299 2837 Ut
324 2779 410 2852 enirn,
438 2779 462 2838 si
489 2796 589 2837 aurum
622 2779 680 2851 cui,
707 2779 783 2854 quod
815 2788 891 2836 esset

109 2873 293 2932 multifariam
329 2874 482 2947 defossum,
521 2884 743 2933 commonstrare
778 2874 888 2947 vollem,
901 2887 933 2938 25

109 2969 180 3028 satis
199 2967 262 3028 esse
282 2970 407 3042 deberet,
421 2971 445 3028 si
459 2971 541 3048 signa
560 2980 590 3028 et
609 2980 692 3027 notas
710 2969 891 3028 ostenderem

109 3065 248 3139 locorum,
268 3065 372 3143 qulbus
391 3066 523 3144 coguitis,
544 3066 592 3126 ille
612 3064 748 3144 sibiipsa
771 3065 890 3139 foderet,
