2167 3567
482 339 525 389 ns
547 338 710 389 nnuman
917 337 992 401 [un

210 499 285 546 esset
297 498 401 562 orator,
412 489 485 566 juris
497 490 620 547 eundem
639 507 705 546 esse
722 487 900 557 consultum
919 505 993 564 prte-

210 585 302 644 claras
327 586 397 644 duas
424 597 499 644 artes
525 585 724 656 constitueres,
748 595 833 659 atque
857 583 931 641 inter
957 601 993 642 sc

209 699 301 758 pares,
321 692 350 739 et
369 682 494 758 ejusdem
515 681 609 740 socias
630 681 792 758 diguitatis:
812 698 891 738 nunc
909 697 991 752 vero,

208 777 441 854 jurisconsultum
461 779 522 835 siue
541 778 597 836 lrac
609 777 782 852 eloquentit,
796 777 833 834 de
846 776 902 850 qual
914 793 992 851 quta·

178 873 308 944 brimus,
335 873 431 931 lateris
462 893 525 932 esse
550 891 645 948 posse,
659 873 802 948 fuisseque
834 872 973 948 plurimos
980 891 989 942 ;

210 979 350 1027 oratorem
370 988 468 1046 negas,
482 970 538 1027 nisi
552 969 628 1026 illam
649 969 800 1026 scientiam
814 967 989 1040 assumserit,

211 1083 274 1122 esse
293 1083 384 1140 posse.
425 1065 470 1122 Ita
488 1075 532 1122 est
552 1065 603 1122 tibi
620 1064 840 1140 jurisconsultus
858 1064 919 1139 ipse
937 1081 991 1140 per

211 1179 243 1218 se
257 1161 338 1233 nihil,
352 1161 406 1218 nisi
427 1161 566 1238 leguleius
585 1161 700 1234 quidam
720 1171 822 1218 cantus
834 1170 864 1216 et
877 1169 990 1232 acutus,

211 1276 306 1334 preco
340 1257 493 1328 actionum,
525 1267 625 1314 cautor
659 1257 851 1328 formularum,
884 1273 991 1331 auceps

166 1359 197 1409 10
212 1354 398 1430 syllabarum:
426 1353 486 1422 scd,
506 1353 574 1427 quia
599 1371 674 1428 saepe
700 1353 789 1410 utitur
811 1362 905 1412 orator
924 1353 991 1410 sub·

211 1450 285 1507 sidio
303 1449 375 1526 juris
395 1448 425 1505 in
444 1448 548 1519 causis,
569 1449 679 1507 idcirco
702 1448 784 1506 istam
808 1449 880 1525 juris
898 1449 992 1507 scien·

211 1546 280 1603 tiam
312 1544 491 1619 eloquentiae,
517 1554 653 1620 tauquam
687 1545 849 1603 ancillulam
881 1545 992 1622 pedise-

212 1659 362 1716 quamque,
377 1639 537 1716 adjunxisti.

250 1831 326 1890 LVI.
355 1830 447 1894 Quod
467 1850 533 1892 tero
555 1834 759 1912 impudentiam
786 1835 941 1894 admiratus
958 1853 991 1893 cs

167 1930 198 1980 15
212 1946 310 1986 eorum
330 1938 523 2005 patronorum,
544 1932 592 2006 qui
617 1941 674 2003 aut,
694 1951 762 1989 cum
787 1951 874 2008 parva
899 1929 991 1988 uesci·

212 2035 285 2096 rent,
306 2043 408 2103 magna
426 2027 634 2102 profiterentur,
656 2038 703 2086 aut
722 2047 766 2099 ea,
787 2047 849 2103 que
868 2026 991 2086 maxima

213 2131 308 2178 essent
325 2121 354 2178 in
371 2122 435 2199 jure
448 2123 535 2194 cirili,
550 2133 672 2181 mactare
692 2124 829 2181 auderent
842 2123 872 2180 in
885 2123 989 2197 causis,

213 2234 280 2274 curn
304 2235 347 2294 ⁴ca
379 2218 532 2290 nescirent,
570 2237 771 2295 nunquamque
806 2219 989 2292 didicissent;

214 2311 361 2386 utriusque
386 2312 427 2370 rei
454 2313 548 2370 facilis
583 2325 627 2371 est
652 2324 681 2371 et
706 2324 817 2390 promta
851 2314 987 2373 defensio.

167 2410 199 2460 ao
214 2406 291 2464 Narn
324 2425 415 2482 neque
442 2408 511 2466 illud
537 2419 581 2466 est
607 2410 777 2482 mirandum,
803 2410 862 2485 qui,
888 2410 989 2485 quibua

214 2502 307 2559 verbis
329 2504 454 2560 coemtio
478 2505 536 2576 liat,
549 2505 669 2577 nesciat,
683 2506 805 2564 eundem
819 2506 881 2583 ejus
893 2506 990 2564 mulie·

215 2597 264 2668 ris,
299 2617 360 2673 que
397 2601 588 2658 coemtionem
622 2601 732 2672 lecerit,
759 2619 874 2659 causam
907 2618 989 2678 posse

214 2694 383 2752 defendere:
405 2714 468 2766 nec,
484 2696 507 2753 si
521 2697 599 2772 parri
620 2697 723 2774 navigii
738 2708 768 2755 et
780 2697 876 2774 magui
891 2697 989 2756 eadem

215 2801 258 2848 est
278 2791 306 2848 in
327 2791 511 2868 gubernando
532 2792 668 2862 scientia3
689 2793 799 2852 idcirco
816 2794 875 2868 qui,
890 2793 990 2869 quibus

74 2921 89 2948 s
163 2901 200 2949 ‚25
216 2887 308 2945 verbis
340 2897 449 2944 erctum
482 2886 553 2944 cieri
586 2898 724 2964 oporteat,
760 2891 879 2962 nesciat,
916 2890 989 2948 idem

216 2983 412 3042 herciscunda
436 2982 549 3040 familiae
572 3001 687 3042 causam
712 3003 796 3061 agere
816 3003 875 3044 nou
895 2984 988 3061 possit

215 3077 302 3151 Nam,
313 3079 388 3155 quod
398 3078 534 3138 maximas
545 3079 762 3140 centumvirales
774 3099 877 3140 causas
889 3080 918 3140 io
927 3079 989 3158 jure
