<?xml version="1.0" encoding="UTF-8"?>
<!DOCTYPE html PUBLIC "-//W3C//DTD XHTML 1.0 Transitional//EN"
    "http://www.w3.org/TR/xhtml1/DTD/xhtml1-transitional.dtd">
<html xmlns="http://www.w3.org/1999/xhtml" xml:lang="en" lang="en">
 <head>
  <title>
</title>
<meta http-equiv="Content-Type" content="text/html;charset=utf-8" />
  <meta name='ocr-system' content='tesseract 3.04.00' />
  <meta name='ocr-capabilities' content='ocr_page ocr_carea ocr_par ocr_line ocrx_word'/>
</head>
<body>
  <div class='ocr_page' id='page_1' title='image "./mtciceronisadqu01dillgoog_0052.png"; bbox 0 0 2167 3567; ppageno 0'>
   <div class='ocr_carea' id='block_1_1' title="bbox 487 299 995 375">
    <p class='ocr_par' dir='ltr' id='par_1_1' title="bbox 487 299 995 375">
     <span class='ocr_line' id='line_1_1' title="bbox 487 299 995 375; baseline -0.002 -14"><span class='ocrx_word' id='word_1_1' title='bbox 487 314 530 363; x_wconf 79' lang='lat' dir='ltr'>ua</span> <span class='ocrx_word' id='word_1_2' title='bbox 553 305 714 362; x_wconf 76' lang='lat' dir='ltr'>odardus.</span> <span class='ocrx_word' id='word_1_3' title='bbox 920 299 995 375; x_wconf 65' lang='lat' dir='ltr'>[nr.</span> 
     </span>
    </p>
   </div>
   <div class='ocr_carea' id='block_1_2' title="bbox 167 460 1017 2071">
    <p class='ocr_par' dir='ltr' id='par_1_2' title="bbox 213 460 998 807">
     <span class='ocr_line' id='line_1_2' title="bbox 213 460 997 537; baseline 0.001 -21"><span class='ocrx_word' id='word_1_4' title='bbox 213 469 244 516; x_wconf 88' lang='lat' dir='ltr'>ut</span> <span class='ocrx_word' id='word_1_5' title='bbox 263 460 349 535; x_wconf 90' lang='lat' dir='ltr'>paulo</span> <span class='ocrx_word' id='word_1_6' title='bbox 370 470 434 519; x_wconf 86' lang='lat' dir='ltr'>ante</span> <span class='ocrx_word' id='word_1_7' title='bbox 454 463 586 537; x_wconf 78' lang='lat' dir='ltr'>exposuit</span> <span class='ocrx_word' id='word_1_8' title='bbox 599 462 752 533; x_wconf 85' lang='lat' dir='ltr'>Antonius,</span> <span class='ocrx_word' id='word_1_9' title='bbox 765 476 801 519; x_wconf 81' lang='lat' dir='ltr'>ex</span> <span class='ocrx_word' id='word_1_10' title='bbox 813 461 901 519; x_wconf 86' lang='lat' dir='ltr'>rebus</span> <span class='ocrx_word' id='word_1_11' title='bbox 912 460 997 537; x_wconf 88' lang='lat' dir='ltr'>peni-</span> 
     </span>
     <span class='ocr_line' id='line_1_3' title="bbox 213 557 998 635; baseline 0.003 -24"><span class='ocrx_word' id='word_1_12' title='bbox 213 565 257 611; x_wconf 91' lang='lat' dir='ltr'>tus</span> <span class='ocrx_word' id='word_1_13' title='bbox 271 558 436 632; x_wconf 80' lang='lat' dir='ltr'>perspectis,</span> <span class='ocrx_word' id='word_1_14' title='bbox 451 558 590 632; x_wconf 83' lang='lat' dir='ltr'>planeque</span> <span class='ocrx_word' id='word_1_15' title='bbox 604 558 738 635; x_wconf 81' lang='lat' dir='ltr'>cognitis,</span> <span class='ocrx_word' id='word_1_16' title='bbox 754 569 838 633; x_wconf 86' lang='lat' dir='ltr'>atque</span> <span class='ocrx_word' id='word_1_17' title='bbox 852 558 888 615; x_wconf 89' lang='lat' dir='ltr'>ab</span> <span class='ocrx_word' id='word_1_18' title='bbox 901 557 998 632; x_wconf 91' lang='lat' dir='ltr'>opini-</span> 
     </span>
     <span class='ocr_line' id='line_1_4' title="bbox 213 652 995 729; baseline 0.003 -22"><span class='ocrx_word' id='word_1_19' title='bbox 213 652 277 708; x_wconf 89' lang='lat' dir='ltr'>onis</span> <span class='ocrx_word' id='word_1_20' title='bbox 290 654 406 709; x_wconf 89' lang='lat' dir='ltr'>arbitrio</span> <span class='ocrx_word' id='word_1_21' title='bbox 417 654 563 729; x_wconf 84' lang='lat' dir='ltr'>sejunctis,</span> <span class='ocrx_word' id='word_1_22' title='bbox 575 654 750 729; x_wconf 74' lang='lat' dir='ltr'>soientidque</span> <span class='ocrx_word' id='word_1_23' title='bbox 761 653 995 729; x_wconf 81' lang='lat' dir='ltr'>comprehensis3</span> 
     </span>
     <span class='ocr_line' id='line_1_5' title="bbox 213 749 998 807; baseline 0.004 -3"><span class='ocrx_word' id='word_1_24' title='bbox 213 766 271 805; x_wconf 93' lang='lat' dir='ltr'>non</span> <span class='ocrx_word' id='word_1_25' title='bbox 292 749 361 805; x_wconf 86' lang='lat' dir='ltr'>milri</span> <span class='ocrx_word' id='word_1_26' title='bbox 383 749 491 806; x_wconf 88' lang='lat' dir='ltr'>videtur</span> <span class='ocrx_word' id='word_1_27' title='bbox 513 769 558 806; x_wconf 88' lang='lat' dir='ltr'>ars</span> <span class='ocrx_word' id='word_1_28' title='bbox 577 749 695 807; x_wconf 85' lang='lat' dir='ltr'>oratoris</span> <span class='ocrx_word' id='word_1_29' title='bbox 714 768 778 807; x_wconf 88' lang='lat' dir='ltr'>esse</span> <span class='ocrx_word' id='word_1_30' title='bbox 797 750 863 807; x_wconf 91' lang='lat' dir='ltr'>ulla.</span> <span class='ocrx_word' id='word_1_31' title='bbox 916 750 998 807; x_wconf 85' lang='lat' dir='ltr'>Sunt</span> 
     </span>
    </p>

    <p class='ocr_par' dir='ltr' id='par_1_3' title="bbox 181 844 998 1304">
     <span class='ocr_line' id='line_1_6' title="bbox 181 844 997 921; baseline 0.005 -23"><span class='ocrx_word' id='word_1_32' title='bbox 181 844 288 899; x_wconf 87' lang='lat' dir='ltr'>5enim</span> <span class='ocrx_word' id='word_1_33' title='bbox 310 846 397 914; x_wconf 87' lang='lat' dir='ltr'>vario,</span> <span class='ocrx_word' id='word_1_34' title='bbox 418 858 446 902; x_wconf 88' lang='lat' dir='ltr'>et</span> <span class='ocrx_word' id='word_1_35' title='bbox 467 846 501 901; x_wconf 94' lang='lat' dir='ltr'>ad</span> <span class='ocrx_word' id='word_1_36' title='bbox 523 846 667 921; x_wconf 85' lang='lat' dir='ltr'>vulgarem</span> <span class='ocrx_word' id='word_1_37' title='bbox 688 846 909 921; x_wconf 81' lang='lat' dir='ltr'><strong>popularemque</strong></span> <span class='ocrx_word' id='word_1_38' title='bbox 929 863 997 902; x_wconf 87' lang='lat' dir='ltr'>seu-</span> 
     </span>
     <span class='ocr_line' id='line_1_7' title="bbox 213 941 997 1017; baseline 0.003 -21"><span class='ocrx_word' id='word_1_39' title='bbox 213 954 274 996; x_wconf 81' lang='lat' dir='ltr'>aum</span> <span class='ocrx_word' id='word_1_40' title='bbox 297 942 512 997; x_wconf 80' lang='lat' dir='ltr'>accommodata</span> <span class='ocrx_word' id='word_1_41' title='bbox 532 941 628 998; x_wconf 91' lang='lat' dir='ltr'>omnia</span> <span class='ocrx_word' id='word_1_42' title='bbox 648 960 754 1017; x_wconf 83' lang='lat' dir='ltr'>genera</span> <span class='ocrx_word' id='word_1_43' title='bbox 774 941 858 1017; x_wconf 85' lang='lat' dir='ltr'>liujus</span> <span class='ocrx_word' id='word_1_44' title='bbox 871 941 997 998; x_wconf 85' lang='lat' dir='ltr'>lorensis</span> 
     </span>
     <span class='ocr_line' id='line_1_8' title="bbox 213 1037 998 1111; baseline 0.003 -18"><span class='ocrx_word' id='word_1_45' title='bbox 213 1047 316 1093; x_wconf 80' lang='lat' dir='ltr'>nostrae</span> <span class='ocrx_word' id='word_1_46' title='bbox 337 1037 480 1093; x_wconf 84' lang='lat' dir='ltr'>dictionis.</span> <span class='ocrx_word' id='word_1_47' title='bbox 522 1038 574 1093; x_wconf 87' lang='lat' dir='ltr'>Sin</span> <span class='ocrx_word' id='word_1_48' title='bbox 596 1047 690 1094; x_wconf 89' lang='lat' dir='ltr'>autem</span> <span class='ocrx_word' id='word_1_49' title='bbox 709 1056 754 1108; x_wconf 89' lang='lat' dir='ltr'>ea,</span> <span class='ocrx_word' id='word_1_50' title='bbox 768 1056 830 1111; x_wconf 80' lang='lat' dir='ltr'>quae</span> <span class='ocrx_word' id='word_1_51' title='bbox 844 1038 998 1095; x_wconf 83' lang='lat' dir='ltr'>observata</span> 
     </span>
     <span class='ocr_line' id='line_1_9' title="bbox 213 1132 997 1202; baseline 0 -13"><span class='ocrx_word' id='word_1_52' title='bbox 213 1142 279 1189; x_wconf 85' lang='lat' dir='ltr'>sunt</span> <span class='ocrx_word' id='word_1_53' title='bbox 293 1132 321 1188; x_wconf 91' lang='lat' dir='ltr'>iu</span> <span class='ocrx_word' id='word_1_54' title='bbox 337 1151 388 1189; x_wconf 91' lang='lat' dir='ltr'>usu</span> <span class='ocrx_word' id='word_1_55' title='bbox 410 1151 443 1189; x_wconf 89' lang='lat' dir='ltr'>ao</span> <span class='ocrx_word' id='word_1_56' title='bbox 465 1133 575 1189; x_wconf 89' lang='lat' dir='ltr'>ratione</span> <span class='ocrx_word' id='word_1_57' title='bbox 594 1133 719 1202; x_wconf 84' lang='lat' dir='ltr'>dicendi,</span> <span class='ocrx_word' id='word_1_58' title='bbox 734 1133 795 1189; x_wconf 71' lang='lat' dir='ltr'>liaeo</span> <span class='ocrx_word' id='word_1_59' title='bbox 816 1134 851 1190; x_wconf 87' lang='lat' dir='ltr'>ab</span> <span class='ocrx_word' id='word_1_60' title='bbox 872 1132 997 1189; x_wconf 88' lang='lat' dir='ltr'>homini·</span> 
     </span>
     <span class='ocr_line' id='line_1_10' title="bbox 213 1229 994 1304; baseline 0.001 -19"><span class='ocrx_word' id='word_1_61' title='bbox 213 1229 266 1285; x_wconf 91' lang='lat' dir='ltr'>bus</span> <span class='ocrx_word' id='word_1_62' title='bbox 291 1229 401 1287; x_wconf 86' lang='lat' dir='ltr'>oullidis</span> <span class='ocrx_word' id='word_1_63' title='bbox 422 1248 456 1285; x_wconf 88' lang='lat' dir='ltr'>ao</span> <span class='ocrx_word' id='word_1_64' title='bbox 476 1229 574 1304; x_wconf 88' lang='lat' dir='ltr'>peritis</span> <span class='ocrx_word' id='word_1_65' title='bbox 601 1229 796 1286; x_wconf 85' lang='lat' dir='ltr'>animadversa</span> <span class='ocrx_word' id='word_1_66' title='bbox 822 1247 856 1287; x_wconf 87' lang='lat' dir='ltr'>ao</span> <span class='ocrx_word' id='word_1_67' title='bbox 883 1239 994 1301; x_wconf 87' lang='lat' dir='ltr'>notata,</span> 
     </span>
    </p>

    <p class='ocr_par' dir='ltr' id='par_1_4' title="bbox 167 1324 1017 1783">
     <span class='ocr_line' id='line_1_11' title="bbox 167 1324 997 1401; baseline -0.001 -18"><span class='ocrx_word' id='word_1_68' title='bbox 167 1325 305 1385; x_wconf 79' lang='lat' dir='ltr'>adverbis</span> <span class='ocrx_word' id='word_1_69' title='bbox 332 1324 488 1399; x_wconf 80' lang='lat' dir='ltr'>designata,</span> <span class='ocrx_word' id='word_1_70' title='bbox 515 1325 668 1400; x_wconf 86' lang='lat' dir='ltr'>generibus</span> <span class='ocrx_word' id='word_1_71' title='bbox 694 1325 841 1395; x_wconf 89' lang='lat' dir='ltr'>illustrata,</span> <span class='ocrx_word' id='word_1_72' title='bbox 864 1325 997 1401; x_wconf 87' lang='lat' dir='ltr'>partibus</span> 
     </span>
     <span class='ocr_line' id='line_1_12' title="bbox 212 1419 993 1500; baseline 0 -23"><span class='ocrx_word' id='word_1_73' title='bbox 212 1420 363 1477; x_wconf 86' lang='lat' dir='ltr'>distributo</span> <span class='ocrx_word' id='word_1_74' title='bbox 381 1433 457 1490; x_wconf 87' lang='lat' dir='ltr'>sunt,</span> <span class='ocrx_word' id='word_1_75' title='bbox 480 1419 521 1495; x_wconf 89' lang='lat' dir='ltr'>(id</span> <span class='ocrx_word' id='word_1_76' title='bbox 544 1420 619 1495; x_wconf 93' lang='lat' dir='ltr'>quod</span> <span class='ocrx_word' id='word_1_77' title='bbox 640 1420 700 1477; x_wconf 88' lang='lat' dir='ltr'>fieri</span> <span class='ocrx_word' id='word_1_78' title='bbox 724 1420 850 1495; x_wconf 89' lang='lat' dir='ltr'>potuisse</span> <span class='ocrx_word' id='word_1_79' title='bbox 875 1421 993 1500; x_wconf 89' lang='lat' dir='ltr'>video;)</span> 
     </span>
     <span class='ocr_line' id='line_1_13' title="bbox 212 1515 995 1590; baseline 0.004 -20"><span class='ocrx_word' id='word_1_80' title='bbox 212 1533 271 1571; x_wconf 91' lang='lat' dir='ltr'>non</span> <span class='ocrx_word' id='word_1_81' title='bbox 299 1515 437 1590; x_wconf 86' lang='lat' dir='ltr'>intelligo,</span> <span class='ocrx_word' id='word_1_82' title='bbox 464 1516 647 1589; x_wconf 90' lang='lat' dir='ltr'>quamobrem</span> <span class='ocrx_word' id='word_1_83' title='bbox 676 1534 743 1586; x_wconf 90' lang='lat' dir='ltr'>non,</span> <span class='ocrx_word' id='word_1_84' title='bbox 770 1516 794 1573; x_wconf 92' lang='lat' dir='ltr'>si</span> <span class='ocrx_word' id='word_1_85' title='bbox 821 1517 916 1573; x_wconf 90' lang='lat' dir='ltr'>minus</span> <span class='ocrx_word' id='word_1_86' title='bbox 943 1516 995 1573; x_wconf 79' lang='lat' dir='ltr'>illa</span> 
     </span>
     <span class='ocr_line' id='line_1_14' title="bbox 213 1610 1017 1687; baseline 0.004 -21"><span class='ocrx_word' id='word_1_87' title='bbox 213 1611 307 1667; x_wconf 91' lang='lat' dir='ltr'>subtili</span> <span class='ocrx_word' id='word_1_88' title='bbox 329 1610 503 1681; x_wconf 87' lang='lat' dir='ltr'>delinitione,</span> <span class='ocrx_word' id='word_1_89' title='bbox 526 1620 554 1667; x_wconf 85' lang='lat' dir='ltr'>at</span> <span class='ocrx_word' id='word_1_90' title='bbox 574 1611 629 1667; x_wconf 90' lang='lat' dir='ltr'>hao</span> <span class='ocrx_word' id='word_1_91' title='bbox 648 1612 756 1687; x_wconf 85' lang='lat' dir='ltr'>vulgari</span> <span class='ocrx_word' id='word_1_92' title='bbox 780 1611 925 1687; x_wconf 91' lang='lat' dir='ltr'>opinione,</span> <span class='ocrx_word' id='word_1_93' title='bbox 947 1610 1017 1669; x_wconf 86' lang='lat' dir='ltr'>ars&#39;</span> 
     </span>
     <span class='ocr_line' id='line_1_15' title="bbox 212 1706 995 1783; baseline 0.005 -22"><span class='ocrx_word' id='word_1_94' title='bbox 212 1725 276 1763; x_wconf 88' lang='lat' dir='ltr'>esse</span> <span class='ocrx_word' id='word_1_95' title='bbox 296 1706 431 1765; x_wconf 86' lang='lat' dir='ltr'>videatur.</span> <span class='ocrx_word' id='word_1_96' title='bbox 473 1707 530 1762; x_wconf 87' lang='lat' dir='ltr'>Sed</span> <span class='ocrx_word' id='word_1_97' title='bbox 552 1707 611 1763; x_wconf 85' lang='lat' dir='ltr'>sive</span> <span class='ocrx_word' id='word_1_98' title='bbox 631 1717 674 1763; x_wconf 90' lang='lat' dir='ltr'>est</span> <span class='ocrx_word' id='word_1_99' title='bbox 695 1727 748 1779; x_wconf 90' lang='lat' dir='ltr'>ars,</span> <span class='ocrx_word' id='word_1_100' title='bbox 763 1707 822 1764; x_wconf 88' lang='lat' dir='ltr'>sive</span> <span class='ocrx_word' id='word_1_101' title='bbox 836 1707 904 1766; x_wconf 87' lang='lat' dir='ltr'>artis</span> <span class='ocrx_word' id='word_1_102' title='bbox 917 1726 995 1783; x_wconf 78' lang='lat' dir='ltr'>qure-</span> 
     </span>
    </p>

    <p class='ocr_par' dir='ltr' id='par_1_5' title="bbox 167 1802 993 2071">
     <span class='ocr_line' id='line_1_16' title="bbox 167 1802 992 1880; baseline 0.007 -23"><span class='ocrx_word' id='word_1_103' title='bbox 167 1821 197 1869; x_wconf 88' lang='lat'>15</span> <span class='ocrx_word' id='word_1_104' title='bbox 213 1803 276 1859; x_wconf 88' lang='lat' dir='ltr'>dam</span> <span class='ocrx_word' id='word_1_105' title='bbox 298 1802 462 1874; x_wconf 84' lang='lat' dir='ltr'>similitudo,</span> <span class='ocrx_word' id='word_1_106' title='bbox 484 1821 541 1858; x_wconf 94' lang='lat' dir='ltr'>non</span> <span class='ocrx_word' id='word_1_107' title='bbox 562 1814 605 1859; x_wconf 86' lang='lat' dir='ltr'>est</span> <span class='ocrx_word' id='word_1_108' title='bbox 626 1803 739 1877; x_wconf 90' lang='lat' dir='ltr'>quidem</span> <span class='ocrx_word' id='word_1_109' title='bbox 754 1822 789 1861; x_wconf 91' lang='lat' dir='ltr'>ea</span> <span class='ocrx_word' id='word_1_110' title='bbox 802 1804 992 1880; x_wconf 83' lang='lat' dir='ltr'>negligenda:</span> 
     </span>
     <span class='ocr_line' id='line_1_17' title="bbox 212 1898 993 1974; baseline 0.004 -20"><span class='ocrx_word' id='word_1_111' title='bbox 212 1916 308 1955; x_wconf 87' lang='lat' dir='ltr'>rerum</span> <span class='ocrx_word' id='word_1_112' title='bbox 325 1898 540 1974; x_wconf 86' lang='lat' dir='ltr'>intelligendum</span> <span class='ocrx_word' id='word_1_113' title='bbox 562 1909 614 1969; x_wconf 85' lang='lat' dir='ltr'>est,</span> <span class='ocrx_word' id='word_1_114' title='bbox 630 1900 685 1955; x_wconf 87' lang='lat' dir='ltr'>alia</span> <span class='ocrx_word' id='word_1_115' title='bbox 699 1900 826 1974; x_wconf 75' lang='lat' dir='ltr'>quaedam</span> <span class='ocrx_word' id='word_1_116' title='bbox 842 1900 875 1956; x_wconf 94' lang='lat' dir='ltr'>ad</span> <span class='ocrx_word' id='word_1_117' title='bbox 891 1918 993 1957; x_wconf 90' lang='lat' dir='ltr'>oouse-</span> 
     </span>
     <span class='ocr_line' id='line_1_18' title="bbox 211 1994 763 2071; baseline 0.004 -22"><span class='ocrx_word' id='word_1_118' title='bbox 211 1994 352 2069; x_wconf 87' lang='lat' dir='ltr'>quendam</span> <span class='ocrx_word' id='word_1_119' title='bbox 367 1994 558 2068; x_wconf 81' lang='lat' dir='ltr'>eloquentiam</span> <span class='ocrx_word' id='word_1_120' title='bbox 572 2014 634 2051; x_wconf 86' lang='lat' dir='ltr'>esse</span> <span class='ocrx_word' id='word_1_121' title='bbox 648 1995 763 2071; x_wconf 82' lang='lat' dir='ltr'>majora.</span> 
     </span>
    </p>
   </div>
   <div class='ocr_carea' id='block_1_3' title="bbox 165 2186 992 3128">
    <p class='ocr_par' dir='ltr' id='par_1_6' title="bbox 165 2186 992 3128">
     <span class='ocr_line' id='line_1_19' title="bbox 251 2186 992 2246; baseline 0.004 -3"><span class='ocrx_word' id='word_1_122' title='bbox 251 2186 365 2243; x_wconf 89' lang='lat' dir='ltr'>XXlV.</span> <span class='ocrx_word' id='word_1_123' title='bbox 386 2186 462 2242; x_wconf 89' lang='lat' dir='ltr'>Tum</span> <span class='ocrx_word' id='word_1_124' title='bbox 485 2187 628 2243; x_wconf 86' lang='lat' dir='ltr'>Antonius</span> <span class='ocrx_word' id='word_1_125' title='bbox 647 2186 828 2243; x_wconf 79' lang='lat' dir='ltr'>vehementer</span> <span class='ocrx_word' id='word_1_126' title='bbox 848 2206 879 2245; x_wconf 88' lang='lat' dir='ltr'>se</span> <span class='ocrx_word' id='word_1_127' title='bbox 897 2208 992 2246; x_wconf 89' lang='lat' dir='ltr'>assen-</span> 
     </span>
     <span class='ocr_line' id='line_1_20' title="bbox 212 2283 992 2359; baseline 0.001 -19"><span class='ocrx_word' id='word_1_128' title='bbox 212 2283 266 2340; x_wconf 91' lang='lat' dir='ltr'>tire</span> <span class='ocrx_word' id='word_1_129' title='bbox 286 2283 391 2339; x_wconf 88' lang='lat' dir='ltr'>Crasso</span> <span class='ocrx_word' id='word_1_130' title='bbox 413 2283 492 2353; x_wconf 86' lang='lat' dir='ltr'>dixit,</span> <span class='ocrx_word' id='word_1_131' title='bbox 507 2284 583 2357; x_wconf 90' lang='lat' dir='ltr'>quod</span> <span class='ocrx_word' id='word_1_132' title='bbox 603 2302 694 2358; x_wconf 89' lang='lat' dir='ltr'>neque</span> <span class='ocrx_word' id='word_1_133' title='bbox 715 2283 755 2339; x_wconf 93' lang='lat' dir='ltr'>ita</span> <span class='ocrx_word' id='word_1_134' title='bbox 775 2284 992 2359; x_wconf 80' lang='lat' dir='ltr'>amplecteretur</span> 
     </span>
     <span class='ocr_line' id='line_1_21' title="bbox 165 2380 991 2453; baseline 0.004 -18"><span class='ocrx_word' id='word_1_135' title='bbox 165 2394 197 2444; x_wconf 64' lang='grc' dir='ltr'>πο</span> <span class='ocrx_word' id='word_1_136' title='bbox 215 2392 315 2448; x_wconf 68' lang='lat' dir='ltr'>artem,</span> <span class='ocrx_word' id='word_1_137' title='bbox 327 2390 358 2435; x_wconf 88' lang='lat' dir='ltr'>ut</span> <span class='ocrx_word' id='word_1_138' title='bbox 372 2380 391 2435; x_wconf 93' lang='lat' dir='ltr'>ii</span> <span class='ocrx_word' id='word_1_139' title='bbox 406 2380 537 2444; x_wconf 81' lang='lat' dir='ltr'>solerent,</span> <span class='ocrx_word' id='word_1_140' title='bbox 553 2380 601 2453; x_wconf 92' lang='lat' dir='ltr'>qui</span> <span class='ocrx_word' id='word_1_141' title='bbox 621 2398 734 2435; x_wconf 91' lang='lat' dir='ltr'>omnem</span> <span class='ocrx_word' id='word_1_142' title='bbox 754 2381 811 2435; x_wconf 89' lang='lat' dir='ltr'>vim</span> <span class='ocrx_word' id='word_1_143' title='bbox 831 2380 947 2438; x_wconf 85' lang='lat' dir='ltr'>dicendi</span> <span class='ocrx_word' id='word_1_144' title='bbox 961 2382 991 2438; x_wconf 90' lang='lat' dir='ltr'>iu</span> 
     </span>
     <span class='ocr_line' id='line_1_22' title="bbox 214 2477 992 2550; baseline 0.005 -20"><span class='ocrx_word' id='word_1_145' title='bbox 214 2486 273 2531; x_wconf 87' lang='lat' dir='ltr'>arte</span> <span class='ocrx_word' id='word_1_146' title='bbox 293 2484 441 2549; x_wconf 85' lang='lat' dir='ltr'>ponerent,</span> <span class='ocrx_word' id='word_1_147' title='bbox 462 2493 554 2550; x_wconf 87' lang='lat' dir='ltr'>neque</span> <span class='ocrx_word' id='word_1_148' title='bbox 574 2493 684 2531; x_wconf 89' lang='lat' dir='ltr'>rursum</span> <span class='ocrx_word' id='word_1_149' title='bbox 707 2493 769 2531; x_wconf 89' lang='lat' dir='ltr'>eam</span> <span class='ocrx_word' id='word_1_150' title='bbox 797 2486 896 2547; x_wconf 88' lang='lat' dir='ltr'>totam,</span> <span class='ocrx_word' id='word_1_151' title='bbox 917 2477 992 2534; x_wconf 90' lang='lat' dir='ltr'>siout</span> 
     </span>
     <span class='ocr_line' id='line_1_23' title="bbox 212 2568 991 2646; baseline 0.005 -20"><span class='ocrx_word' id='word_1_152' title='bbox 212 2568 340 2645; x_wconf 85' lang='lat' dir='ltr'>plerique</span> <span class='ocrx_word' id='word_1_153' title='bbox 362 2570 523 2644; x_wconf 85' lang='lat' dir='ltr'>philosophi</span> <span class='ocrx_word' id='word_1_154' title='bbox 551 2569 687 2641; x_wconf 84' lang='lat' dir='ltr'>lacerent,</span> <span class='ocrx_word' id='word_1_155' title='bbox 709 2571 879 2646; x_wconf 88' lang='lat' dir='ltr'>repudiaret.</span> <span class='ocrx_word' id='word_1_156' title='bbox 933 2574 991 2630; x_wconf 86' lang='lat' dir='ltr'>Sed</span> 
     </span>
     <span class='ocr_line' id='line_1_24' title="bbox 212 2654 992 2741; baseline 0.001 -18"><span class='ocrx_word' id='word_1_157' title='bbox 212 2666 354 2735; x_wconf 84' lang='lat' dir='ltr'>existimo,</span> <span class='ocrx_word' id='word_1_158' title='bbox 377 2665 477 2740; x_wconf 88' lang='lat' dir='ltr'>inquit,</span> <span class='ocrx_word' id='word_1_159' title='bbox 499 2676 610 2741; x_wconf 85' lang='lat' dir='ltr'>gratum</span> <span class='ocrx_word' id='word_1_160' title='bbox 635 2676 663 2723; x_wconf 87' lang='lat' dir='ltr'>te</span> <span class='ocrx_word' id='word_1_161' title='bbox 686 2667 740 2737; x_wconf 86' lang='lat' dir='ltr'>lris,</span> <span class='ocrx_word' id='word_1_162' title='bbox 765 2654 878 2739; x_wconf 78' lang='lat' dir='ltr'>Crasse,</span> <span class='ocrx_word' id='word_1_163' title='bbox 902 2668 992 2725; x_wconf 83' lang='lat' dir='ltr'>lactu·</span> 
     </span>
     <span class='ocr_line' id='line_1_25' title="bbox 213 2761 991 2837; baseline 0.003 -18"><span class='ocrx_word' id='word_1_164' title='bbox 213 2780 285 2831; x_wconf 92' lang='lat' dir='ltr'>rum,</span> <span class='ocrx_word' id='word_1_165' title='bbox 300 2761 324 2817; x_wconf 88' lang='lat' dir='ltr'>si</span> <span class='ocrx_word' id='word_1_166' title='bbox 338 2761 392 2818; x_wconf 86' lang='lat' dir='ltr'>ista</span> <span class='ocrx_word' id='word_1_167' title='bbox 412 2762 586 2835; x_wconf 83' lang='lat' dir='ltr'>exposueris,</span> <span class='ocrx_word' id='word_1_168' title='bbox 600 2780 663 2835; x_wconf 77' lang='lat' dir='ltr'>qum</span> <span class='ocrx_word' id='word_1_169' title='bbox 682 2773 764 2837; x_wconf 86' lang='lat' dir='ltr'>putas</span> <span class='ocrx_word' id='word_1_170' title='bbox 784 2763 818 2819; x_wconf 91' lang='lat' dir='ltr'>ad</span> <span class='ocrx_word' id='word_1_171' title='bbox 837 2764 991 2821; x_wconf 77' lang='lat' dir='ltr'>dicendum</span> 
     </span>
     <span class='ocr_line' id='line_1_26' title="bbox 166 2856 852 2935; baseline 0.001 -20"><span class='ocrx_word' id='word_1_172' title='bbox 166 2878 198 2927; x_wconf 76' lang='lat'>25</span> <span class='ocrx_word' id='word_1_173' title='bbox 212 2858 285 2935; x_wconf 86' lang='lat' dir='ltr'>plus,</span> <span class='ocrx_word' id='word_1_174' title='bbox 300 2875 383 2931; x_wconf 91' lang='lat' dir='ltr'>quam</span> <span class='ocrx_word' id='word_1_175' title='bbox 399 2856 488 2930; x_wconf 80' lang='lat' dir='ltr'>ipsam</span> <span class='ocrx_word' id='word_1_176' title='bbox 504 2866 602 2927; x_wconf 90' lang='lat' dir='ltr'>artem,</span> <span class='ocrx_word' id='word_1_177' title='bbox 615 2876 697 2933; x_wconf 91' lang='lat' dir='ltr'>posse</span> <span class='ocrx_word' id='word_1_178' title='bbox 710 2859 852 2933; x_wconf 87' lang='lat' dir='ltr'>prodesse.</span> 
     </span>
     <span class='ocr_line' id='line_1_27' title="bbox 252 2952 991 3031; baseline 0.003 -21"><span class='ocrx_word' id='word_1_179' title='bbox 252 2953 354 3011; x_wconf 87' lang='lat' dir='ltr'>Dioam</span> <span class='ocrx_word' id='word_1_180' title='bbox 375 2952 517 3026; x_wconf 90' lang='lat' dir='ltr'>equidem,</span> <span class='ocrx_word' id='word_1_181' title='bbox 539 2953 672 3027; x_wconf 89' lang='lat' dir='ltr'>quoniam</span> <span class='ocrx_word' id='word_1_182' title='bbox 699 2953 818 3025; x_wconf 86' lang='lat' dir='ltr'>institui,</span> <span class='ocrx_word' id='word_1_183' title='bbox 839 2964 991 3031; x_wconf 87' lang='lat' dir='ltr'>petamque</span> 
     </span>
     <span class='ocr_line' id='line_1_28' title="bbox 214 3042 989 3128; baseline -0.004 -19"><span class='ocrx_word' id='word_1_184' title='bbox 214 3048 338 3122; x_wconf 84' lang='lat' dir='ltr'>avobis,</span> <span class='ocrx_word' id='word_1_185' title='bbox 359 3046 460 3126; x_wconf 86' lang='lat' dir='ltr'>iuquit,</span> <span class='ocrx_word' id='word_1_186' title='bbox 480 3066 517 3107; x_wconf 89' lang='lat' dir='ltr'>ne</span> <span class='ocrx_word' id='word_1_187' title='bbox 538 3042 589 3106; x_wconf 81' lang='lat' dir='ltr'>lias</span> <span class='ocrx_word' id='word_1_188' title='bbox 608 3068 686 3108; x_wconf 87' lang='lat' dir='ltr'>meos</span> <span class='ocrx_word' id='word_1_189' title='bbox 707 3049 827 3128; x_wconf 85' lang='lat' dir='ltr'>ineptias</span> <span class='ocrx_word' id='word_1_190' title='bbox 848 3050 989 3123; x_wconf 83' lang='lat' dir='ltr'>efferatis3</span> 
     </span>
    </p>
   </div>
   <div class='ocr_carea' id='block_1_4' title="bbox 0 0 1088 3567">
    <p class='ocr_par' dir='ltr' id='par_1_7' title="bbox 0 0 1088 3567">
     <span class='ocr_line' id='line_1_29' title="bbox 0 0 1088 3567; baseline 0 2"><span class='ocrx_word' id='word_1_191' title='bbox 0 0 1088 3567; x_wconf 95' lang='lat' dir='ltr'> </span> 
     </span>
    </p>
   </div>
  </div>
 </body>
</html>
