2167 3567
481 305 525 354 nn
546 307 709 355 cussonis.
917 309 958 368 [n.
968 308 989 355 1.

210 473 266 530 que
280 456 330 514 abs
343 465 371 514 te
384 456 494 514 videtur
515 457 634 514 istorum
655 455 766 528 studiis,
780 455 804 514 si
817 449 913 518 modo
923 467 991 535 sont

210 551 340 624 studiosi,
360 571 424 610 esse
445 554 567 624 sactum3
587 572 663 624 nam,
685 564 717 611 ut
738 554 886 610 Socratem
908 554 990 611 illum

211 648 325 706 solitum
341 649 420 706 aiunt
433 649 538 721 dicere,
553 650 710 725 perfectum
724 649 779 706 sibi
792 667 864 724 opus
877 667 949 720 esse,
964 649 991 707 si

201 745 274 819 quis
294 744 362 802 sutis
382 755 456 802 esset
477 745 639 803 concitatus
661 745 859 807 cohortatione
879 745 932 802 sud
952 745 991 816 ud

179 841 334 898 5studium
359 841 568 916 cognoscendo
591 841 839 916 percipiendaeque
859 841 989 910 virtutis3

212 935 328 1012 (quibus
348 935 425 992 enirn
446 935 475 992 id
494 955 659 1011 persuasum
679 946 763 1007 esset,
777 946 809 994 ut
827 935 899 993 nihil
921 935 991 992 mul·

211 1032 271 1090 lent
296 1051 327 1090 se
354 1049 417 1089 esse
443 1049 527 1106 quam
557 1032 648 1088 bonos
678 1031 763 1103 viros,
790 1031 826 1088 iis
851 1032 990 1105 reliquam

212 1129 325 1186 facilem
345 1147 408 1186 esse
427 1127 617 1207 doctrinam);
638 1127 681 1184 sic
694 1146 749 1204 ego
767 1127 906 1203 intelligo,
920 1127 944 1183 si
958 1127 990 1184 in

212 1225 283 1296 lraec,
298 1245 360 1301 quie
380 1224 515 1301 patefecit
530 1224 660 1281 oratione
673 1226 725 1280 sud
738 1223 869 1294 Crassus,
883 1223 991 1280 intrare

166 1322 364 1392 revomentis,
380 1321 514 1379 facillime
533 1340 583 1377 vos
604 1318 639 1378 sd
658 1339 702 1390 en,
718 1338 781 1394 qne
801 1319 914 1394 cupitis,
927 1337 992 1394 per·

212 1427 345 1472 venturos
378 1417 413 1472 ab
447 1417 503 1472 hoc
540 1415 629 1486 aditu,
659 1414 802 1490 innuitque
836 1414 990 1488 patefacti„

211 1511 305 1568 Nobis
325 1528 400 1580 vero,
416 1510 507 1584 inquit
528 1510 683 1585 Sulpicius,
700 1509 754 1567 ista
772 1519 840 1566 sunt
857 1520 993 1586 pergrata

211 1625 317 1682 perque
341 1606 483 1682 jucunda:
511 1606 561 1663 sed
584 1625 678 1681 peuce
699 1605 785 1670 etiam
808 1605 990 1680 requirimus,

212 1702 404 1776 imprimisque
418 1721 462 1773 ea,
476 1721 538 1776 quae
553 1701 635 1759 valde
656 1703 777 1760 breviter
791 1722 808 1760 c
821 1713 859 1774 te,
874 1702 991 1774 Crasse,

166 1807 197 1856 15
212 1798 249 1854 do
268 1797 330 1872 ipsi
351 1808 409 1855 erte
429 1816 564 1873 percurso
583 1809 659 1869 sunt,
680 1817 746 1854 cum
766 1799 816 1856 illc
833 1809 862 1857 te
882 1809 991 1858 elnon

212 1907 405 1965 contemnere,
432 1903 461 1951 et
490 1894 625 1952 didicisse
657 1895 833 1954 confiterere.
858 1933 862 1938 -
887 1895 933 1954 Ee
964 1896 992 1954 si

211 1991 297 2066 paulo
316 1990 401 2048 letius
423 1990 538 2062 dixeris,
558 1989 681 2065 expleris
706 2009 820 2048 ornnem
846 2000 992 2066 exspecto·

211 2087 317 2144 tionem
339 2087 465 2144 diuturni
493 2086 626 2144 desiderii
652 2087 750 2144 nostri.
803 2086 879 2143 Num
899 2105 990 2158 nunc,

210 2184 313 2258 quibus
332 2183 501 2240 studendum
523 2183 608 2240 rebus
628 2193 711 2251 esset,
727 2183 898 2257 accepimus,
913 2183 991 2256 quod

163 2283 196 2333 20
213 2280 304 2354 ipsum
324 2289 366 2336 est
386 2289 480 2336 tumen
501 2298 652 2356 magnum3
680 2279 730 2335 sed
751 2279 810 2336 rius
829 2297 927 2336 eurum
946 2297 992 2336 re·

212 2395 274 2432 rum
295 2376 488 2450 rationemque
515 2376 646 2450 cupimus
672 2393 854 2451 cognoscere.
907 2374 992 2434 Quid

211 2471 246 2542 si,
268 2471 358 2546 inquit
380 2471 510 2540 Crassus,
533 2470 681 2545 (quoniam
708 2488 773 2546 ego,
795 2488 851 2545 quo
877 2469 993 2528 facilius

211 2585 262 2623 vos
283 2567 354 2642 apud
377 2577 579 2636 memnonem,
601 2576 699 2622 vestro
721 2566 817 2639 potius
835 2567 993 2624 obsecutus

212 2681 274 2720 sum
286 2655 433 2734 voluntati,-
443 2681 527 2737 quam
543 2673 591 2720 aut
606 2662 806 2720 consuetudini
821 2673 869 2720 eut
881 2673 992 2721 naturae

164 2759 198 2814 m
210 2761 296 2837 mee)
317 2759 438 2834 petimus
459 2758 495 2816 eb
514 2759 652 2830 Antonio,
666 2768 699 2816 ut
711 2777 755 2830 ee,
769 2778 832 2834 quse
851 2759 991 2832 continet,

210 2873 304 2929 neque
325 2853 418 2911 adhuc
438 2855 565 2929 protulit,
579 2873 615 2911 ex
632 2855 734 2929 quibus
754 2873 842 2912 unum
862 2854 992 2912 libellum

208 2951 266 3008 sibi
292 2950 431 3008 excidisse
455 2950 623 3026 jamdudum
649 2959 765 3024 questus
790 2959 843 3019 est,
867 2949 992 3024 explicet

210 3046 303 3119 nobis,
324 3056 353 3105 et
375 3046 423 3104 ills
448 3046 565 3108 dicendi
590 3047 725 3124 mysterio
749 3045 899 3108 enuntietl
951 3045 992 3107 Ut
