2167 3567
113 309 188 371 nr]
396 312 440 360 ns
462 313 625 363 cainone
886 300 965 365 1⁰8⁴

110 461 288 534 necessaria,
313 472 344 522 ut
366 462 427 538 ejus
454 462 623 522 industriam
646 461 676 520 in
698 461 781 538 plura
803 459 902 520 modin

111 556 274 615 distrahere
288 559 384 616 nolim.
424 559 501 620 Quis
515 569 610 636 neget,
624 578 695 635 opus
708 576 771 615 esse
783 556 897 628 oratori,

112 653 147 713 iu
162 654 219 712 hoc
238 654 362 712 oratorio
381 665 460 712 motu
472 665 615 728 statuque,
629 654 732 712 Roscii
745 664 856 731 gestum
869 663 899 710 et

112 751 315 806 venustatemi
339 759 434 808 tamen
458 769 544 808 nemo
562 750 686 807 suaserit
705 749 839 808 studiosis
851 749 900 813 di·

109 844 204 902 cendi
218 845 465 917 ‘adolescentibus
480 846 509 902 in
530 857 613 922 gestu
634 845 772 904 discendo
788 845 929 902 histrio-5

111 959 185 1000 num
212 959 292 998 moro
316 942 472 1000 elaborare.
530 941 611 1004 Quid
637 951 682 1000 est
707 941 813 998 oratori
839 952 900 1000 taut

114 1038 321 1108 necessarium,
349 1057 433 1112 quem
460 1039 534 1096 vost
566 1047 673 1107 temen,
700 1055 747 1094 me
773 1048 899 1110 auctore,

114 1152 203 1190 nemo
236 1133 351 1192 dicendi
384 1133 537 1204 studiosus,
564 1133 731 1190 Grecorum
764 1152 844 1190 more
869 1144 900 1192 et

114 1229 320 1304 trngoedorum,
334 1228 397 1286 voci
417 1228 529 1298 serviet,
547 1228 595 1302 qui
615 1238 645 1284 et
665 1247 756 1287 annos
774 1228 901 1304 complu·

115 1343 163 1382 res
183 1325 314 1384 sedentes
334 1324 526 1394 declamitant,
547 1333 576 1380 et
595 1323 734 1398 quotidie,
749 1334 945 1400 antequanm

114 1420 312 1496 pronuntient,
340 1438 436 1480 vocem
464 1420 602 1477 cubantes
626 1419 734 1477 sensim
762 1418 897 1493 excitant,

116 1517 303 1591 eandemque,
316 1535 381 1573 cum
396 1526 524 1592 egerunt,
536 1515 668 1572 sedentes
683 1517 718 1573 ab
734 1516 899 1574 acutissimo

117 1630 189 1670 sono
210 1631 299 1687 usque
314 1611 348 1670 ed
362 1612 559 1689 gravissimum
579 1627 680 1669 sonum
699 1612 851 1687 recipiunt,
870 1624 899 1670 et

118 1708 199 1784 quasi
224 1708 347 1784 quodem
380 1708 467 1766 modo
500 1708 647 1785 colligunt.
701 1707 769 1767 Hoc
794 1727 848 1767 nos
873 1709 898 1767 si

117 1805 213 1864 iecere
233 1805 361 1876 velimus,
382 1815 447 1862 aute
474 1804 701 1862 condemnentur
728 1804 758 1874 ii,
778 1817 944 1880 quorum15

119 1920 219 1958 causes
245 1900 446 1976 receperimus,
467 1919 552 1974 quam
578 1900 673 1971 toties,
693 1900 804 1974 quoties
829 1919 900 1975 prae-
946 1922 951 1928 ·

119 1997 261 2067 scribitur,
287 2013 416 2072 peanem
443 2005 491 2054 eut
516 1993 713 2076 [munionem]
742 1995 897 2057 citarimus.

118 2093 245 2154 Quodsi
260 2093 289 2150 in
303 2102 396 2170 gestu,
410 2092 458 2166 qui
474 2092 594 2150 multum
613 2103 754 2150 oratorem
775 2093 897 2168 adjuvat,

120 2199 148 2247 et
171 2188 201 2247 iu
226 2207 305 2260 voce,
328 2206 390 2264 qun
413 2207 471 2246 una
494 2188 617 2245 manime
639 2188 831 2262 eloquentium
844 2188 898 2252 ¹vel

118 2285 299 2342 commendat
325 2282 369 2342 vel
396 2282 526 2352 sustinet,
554 2283 699 2340 elaborare
732 2283 814 2340 nobis
839 2302 898 2340 non
911 2294 943 2343 tt

119 2379 202 2450 iicet;
227 2397 261 2436 ac
281 2389 391 2438 tantum
411 2377 440 2436 in
461 2389 580 2453 utroque
601 2376 713 2452 assequi
738 2395 898 2453 possumus,

120 2476 309 2550 quantumin
330 2476 385 2534 hac
406 2475 469 2534 acie
488 2470 645 2550 quotidiani
665 2472 801 2544 muneris,
814 2473 899 2548 spatii

121 2571 202 2630 nobis
222 2571 319 2641 detur;
348 2582 454 2646 quanto
475 2571 569 2628 minus
588 2579 631 2626 cst
653 2569 688 2631 nd
711 2569 783 2646 juris
806 2569 899 2627 civilis

120 2666 298 2742 perdiscendi
311 2667 529 2742 occupationem
550 2665 801 2723 descendendumt
821 2665 899 2740 qnod

120 2772 148 2820 et
173 2762 333 2824 summatim
359 2761 468 2838 percipi
495 2762 559 2820 sine
585 2761 717 2822 doctrinis
743 2770 846 2837 potest,
868 2771 898 2823 et
911 2774 943 2823 25

120 2859 193 2918 hauc
213 2859 299 2918 hebet
313 2859 348 2918 ab
362 2858 423 2918 iltis,
434 2859 519 2915 rebus
539 2857 809 2927 dissimilitudinem,
823 2857 897 2932 quod

119 2974 172 3014 vor
185 2966 215 3014 et
226 2965 323 3034 gestus
343 2954 438 3012 subito
457 2953 541 3026 sumi,
556 2964 586 3013 et
600 2953 714 3025 aliunde
731 2952 827 3028 arripi,
840 2972 898 3012 uon

119 3061 226 3129 potest3
244 3051 316 3131 juris
328 3050 445 3126 utititas,
461 3051 496 3110 sd
510 3069 652 3128 quemque
664 3068 791 3124 censam,
801 3068 905 3141 quam·-
