2167 3567
134 321 214 382 nn]
415 303 458 368 nn
480 319 643 368 cernone
907 305 963 365 125

135 469 234 529 minus.
255 469 284 527 id
311 479 355 526 est
381 469 465 545 hujus
492 468 578 528 unius
603 467 762 545 proprium3
793 467 854 537 sed,
885 477 934 528 ut.

136 577 228 624 orator
242 567 278 623 de
293 565 329 622 iis
345 566 439 636 rebus,
454 583 517 640 quae
538 576 696 622 ceterarum
718 563 820 622 artium
840 573 917 634 sunt,

134 661 259 720 simodo
279 681 328 720 eas
348 661 490 738 cogndrit,
506 660 552 738 (ut
568 661 629 718 heri
644 660 764 720 Crassus
777 660 916 739 dicebat)

134 759 241 840 optimc
273 769 367 834 potest
399 758 511 827 dicere;
548 757 591 815 sic
614 768 782 822 ¹ceterarum
816 756 918 814 artium

133 853 265 911 homines
285 855 412 912 ornatius
433 854 481 918 illa
500 853 680 925 suadicunt,
694 852 798 928 siquid
814 853 850 910 ab
860 852 949 915 liaeo

134 961 195 1008 arte
221 950 394 1009 didicerunt,
448 950 553 1024 Neque
586 949 663 1007 euim
690 949 715 1007 si
741 949 777 1006 de
803 948 919 1006 rusticis

134 1046 220 1103 rebus
247 1046 374 1123 agricola
400 1046 551 1122 quispiam,
579 1055 627 1102 aut
654 1045 745 1109 ,etiam
773 1045 812 1117 id,
842 1044 918 1120 quod

66 1173 75 1199 f
134 1141 226 1213 multi,
254 1141 399 1200 medicus¹
414 1142 450 1198 de
477 1141 595 1214 morbis,
622 1151 671 1198 aut
703 1140 918 1217 depingendo

134 1237 225 1314 pictor
247 1238 357 1314 aliquis,
379 1238 484 1296 diserte
505 1237 608 1295 dixerit
629 1247 677 1294 aut
702 1236 857 1312 scripserit,
877 1236 919 1293 id·

135 1333 214 1393 circo
234 1334 318 1392 illius.
332 1334 399 1392 artis
418 1335 545 1410 putanda
564 1333 601 1391 sit
621 1332 799 1415 eloquentia:
820 1331 849 1389 in
863 1332 919 1406 quai
934 1341 965 1390 10

136 1429 202 1505 quia
228 1430 271 1487 vis
297 1449 401 1506 magna
426 1440 470 1486 est
496 1431 525 1486 iu
553 1429 699 1486 hominum
726 1427 859 1504 ingeniis,
884 1445 920 1484 eo

135 1527 227 1598 multi,
242 1527 327 1584 etiam
342 1525 404 1584 sine
418 1525 558 1597 doctrinti,
571 1525 676 1599 aliquid
690 1525 819 1582 omnium
835 1542 921 1600 gene·

135 1641 198 1680 rum
221 1634 304 1698 etque
326 1623 428 1681 artium
449 1631 679 1696 consequuntur:
700 1621 760 1691 sed,
781 1620 849 1695 quid
870 1639 920 1678 cu-

133 1719 238 1796 jusque
257 1719 294 1777 sit
313 1718 467 1795 proprium,
488 1717 541 1780 etsi
561 1736 597 1774 ex
616 1736 652 1775 eo
674 1717 796 1793 judicari
816 1727 919 1792 potest,

136 1831 204 1874 oum
225 1815 339 1887 videris,
362 1815 429 1891 quid
451 1833 570 1890 queque
591 1814 725 1883 doceant,
747 1813 921 1874 temenhoc
936 1817 966 1866 lo

93 1907 95 1912 ’
136 1911 243 1978 certius
257 1911 327 1969 nihil
342 1929 404 1968 esse
417 1920 519 1986 potest,
533 1929 617 1985 quem
631 1908 708 1984 quod
727 1927 827 1966 omnes
847 1920 922 1966 artes

137 2007 199 2064 aliae
219 2006 282 2064 sine
300 2005 465 2080 eloquentie
486 2023 570 2062 suum
590 2022 695 2062 munus
712 2014 845 2080 prestare
858 2022 922 2079 pos·

136 2112 213 2174 sunt,
234 2112 327 2160 orator
347 2101 409 2180 sine
430 2101 465 2158 ed
485 2118 590 2158 nomen
610 2118 693 2157 suurn
713 2099 842 2156 obtinere
863 2117 921 2157 non

136 2209 246 2276 potest:
267 2197 417 2269 utceteri,
432 2196 457 2254 si
477 2195 576 2253 diserti
596 2195 663 2266 sint,
684 2195 791 2269 aliquid
811 2196 846 2252 ab
866 2195 921 2252 hoc

137 2295 278 2364 habeant;
312 2293 373 2365 hic,
403 2292 460 2350 nisi
497 2291 662 2349 domesticis
694 2309 725 2348 se
758 2291 922 2349 instruxerit
935 2303 967 2352 2⁰

138 2391 238 2468 copiis,
253 2390 367 2448 aliunde
381 2387 501 2446 dicendi
511 2387 625 2464 copiam
642 2397 740 2463 petere
753 2406 811 2444 non
824 2387 920 2463 possit.

176 2583 226 2643 X.·
246 2583 325 2642 Tum
346 2581 476 2653 Catulus,
495 2581 569 2654 Etsi,
584 2580 685 2656 inquit,
701 2579 820 2651 Antoni,
840 2580 923 2638 mini·

138 2699 185 2739 me
205 2679 404 2757 impediendus
423 2690 467 2736 est
488 2677 715 2755 interpellatione
742 2677 795 2736 iste
822 2696 923 2736 cursus

138 2776 278 2835 orationis
298 2785 364 2847 tuae,
377 2775 487 2851 patiere
507 2784 613 2845 tamen,
634 2774 760 2849 mihique
780 2772 921 2850 ignosces.

140 2881 159 2908 “
168 2872 238 2932 Non
257 2872 339 2940 enim
348 2891 482 2948 possum,-
492 2871 562 2947 quin
575 2870 762 2941 exclamem,”
777 2880 808 2928 ut
822 2869 862 2928 ait
870 2869 923 2935 ,ille
936 2886 969 2936 25

99 2955 104 2964 ¹
139 2970 170 3028 in
193 2969 382 3028 Trinummo:
413 2967 453 3027 ita
478 2967 550 3026 mihi
570 2967 627 3024 vim
650 2965 772 3024 oratoris
793 2975 854 3023 turn
877 2983 924 3022 ex·

139 3065 263 3144 primore
282 3065 423 3128 subtiliter
443 3064 519 3124 viem
539 3082 581 3137 es,
602 3073 663 3124 tum
685 3062 801 3122 laudare
827 3061 924 3138 copio-

380 3158 442 3218 ll*
