2167 3567
133 286 174 347 lu
452 294 494 341 nr:
516 291 680 340 unsrunn
812 254 826 278 '
888 289 960 349 [nr.

217 441 284 501 Hoc
303 442 370 499 loco
392 441 547 517 Sulpicius,
568 439 728 515 Inspersuti
754 436 833 511 rnilri,
855 437 958 514 iuquit,

178 549 207 596 et
233 539 336 610 cette,
359 538 409 595 sed
435 528 516 595 vulde
543 536 652 613 optanti
678 535 791 611 utrique
816 534 962 607 nostrum,

179 630 294 707 cecidit,
309 644 340 691 ut
354 635 383 692 in
397 634 482 691 istum
503 651 671 704 sermonem,
686 632 799 703 Crasse,
812 632 960 689 delabere·

178 732 256 790 mini.
309 731 403 789 Nobis
423 730 499 787 enim
519 730 577 786 huc
597 728 776 786 venientibus
795 728 959 807 jucundum

147 829 246 887 5setis
266 829 325 886 lore
346 828 502 898 videbatur,
523 826 557 897 si,
577 845 643 883 cum
662 844 713 882 vus
731 826 768 883 de
787 826 872 883 rebus
893 825 959 883 uliis

176 924 373 999 loqueremini,
407 935 501 982 tamen
534 942 588 981 nos
621 922 725 998 aliquid
758 940 793 979 ex
825 940 959 980 sermone

176 1032 270 1079 vestro
289 1020 426 1079 memoriis
446 1021 565 1097 dignum
584 1020 716 1095 excipere
736 1037 899 1095 possemns3
923 1029 965 1082 ut⁴

176 1136 243 1175 vero
256 1118 370 1195 penitus
383 1116 413 1175 in
427 1135 489 1175 eam
504 1117 594 1191 ipsam
606 1117 692 1174 tutius
704 1115 789 1192 hujus
798 1115 841 1172 rel
856 1114 960 1186 studii,

176 1214 220 1273 vel
241 1214 363 1285 artificii,
384 1213 427 1271 rel
455 1212 598 1289 lecultetis
624 1212 844 1288 disputationem
871 1230 956 1287 pene

132 1320 163 1371 lu
177 1310 305 1369 intimem
319 1309 461 1379 veniretis,
473 1308 519 1365 vix
531 1309 684 1385 oplandum
698 1308 782 1365 nobis
795 1309 954 1366 videbatur.

176 1407 240 1483 Ego
259 1407 346 1477 enim,
360 1405 409 1481 qui
430 1406 465 1463 ab
485 1404 602 1463 ineunte
616 1416 699 1462 etate
713 1404 847 1463 incensus
860 1423 954 1463 essem

175 1502 270 1561 studio
303 1502 450 1576 utriusque
475 1502 609 1572 restrium,
637 1501 734 1558 Crassi
767 1519 833 1557 vero
865 1501 953 1559 etium

177 1616 281 1669 eruore,
296 1616 362 1655 cum
379 1599 463 1655 abeo
476 1615 615 1671 nusquam
636 1596 822 1669 discederem,
835 1598 954 1657 verbum

176 1712 211 1751 ex
229 1712 265 1751 ec
285 1712 430 1768 nunquam
457 1693 561 1751 elicere
586 1693 666 1769 potui
685 1695 721 1751 de
741 1694 769 1751 ri
790 1695 955 1753 curatione

53 1844 57 1853 ,
131 1795 162 1846 15
176 1790 300 1861 dicendi,
315 1808 380 1848 cum
395 1800 424 1847 et
436 1808 486 1865 per
499 1789 696 1865 memetipsum
715 1791 847 1867 egissem,
861 1801 890 1848 et
902 1809 954 1866 per

176 1886 301 1945 Drusum
328 1904 402 1962 saepe
435 1886 606 1944 tenuissem:
640 1906 697 1961 quo
724 1886 753 1943 in
780 1906 885 1963 genere
910 1898 961 1958 tu,

176 1982 295 2053 Antoni,
317 1982 396 2059 (vere
421 1982 534 2061 loquer)
563 2002 706 2058 nunquam
733 1984 814 2055 milri,
835 2003 955 2059 percon·

175 2078 256 2149 tenti,
279 2088 326 2135 aut
346 2078 481 2154 quaerenti
504 2079 620 2155 aliquid,
638 2080 762 2151 deluisti,
779 2090 808 2137 et
827 2098 953 2157 persaepe

175 2194 231 2248 me,
245 2196 307 2251 quae
328 2177 433 2234 soleres
453 2176 483 2233 in
503 2176 626 2234 dicendo
646 2178 805 2248 observare,
819 2178 951 2235 docuisti.

129 2282 161 2335 ω
175 2271 273 2345 Nune,
288 2274 421 2348 quoniam
435 2283 554 2347 uterque
568 2273 688 2331 vestrum
701 2274 841 2347 patefecit
855 2291 952 2331 earum

175 2387 270 2427 rerum
291 2369 414 2443 ipsarum
437 2370 554 2440 editum,
571 2389 640 2444 ques
660 2369 822 2443 querimus,
836 2381 865 2428 et
884 2389 961 2444 quc·.

175 2464 252 2521 uiam
272 2465 405 2541 princeps
425 2466 545 2523 Crassus
568 2466 631 2541 ejus
656 2466 795 2523 sermonis
812 2467 952 2524 -ordiendi

175 2559 239 2631 fuit,
252 2560 318 2617 date
332 2561 415 2617 nobis
432 2560 507 2617 hanc
520 2561 642 2632 veniam,
657 2571 688 2618 ut
701 2582 745 2632 eu,
758 2582 821 2637 quae
841 2563 952 2620 sentitis

176 2656 212 2712 de
226 2656 304 2714 omui
317 2674 421 2731 genere
435 2644 559 2728 dicendi,
574 2658 714 2721 subtiliter
733 2660 961 2734 persequemini..

130 2761 162 2815 25
175 2752 265 2815 Quod
284 2752 398 2827 quidem
419 2752 443 2811 si
463 2753 517 2811 erit
538 2741 558 2811 n¹
573 2755 651 2812 vobis
672 2755 861 2829 impetratum,
876 2775 960 2832 mirg-¹

176 2868 242 2907 nem
262 2848 383 2919 habebo,
397 2849 510 2920 Crasse,
525 2850 593 2908 huic
609 2852 755 2927 pulaeslrae,
769 2863 798 2908 et
811 2852 960 2911 Tuscula-1

176 2962 215 3005 nc
240 2954 290 3005 luo
315 2945 444 3026 gratiam,
477 2956 507 3004 et
537 2947 623 3025 longe
656 2948 821 3006 Academiae
849 2948 891 3007 illi
913 2967 952 3009 ec
