2167 3567
309 685 353 740 Μ.
382 683 542 741 TULLII
572 683 833 740 CICERONIS

550 866 589 900 D!

431 1027 711 1101 ORATORE

386 1237 506 1288 LIBER
533 1235 754 1289 SECUNDUS.

485 1444 657 1454 ——..

219 1608 242 1666 I.
275 1607 389 1667 Mnsnn
421 1611 504 1666 nobis
536 1611 642 1686 pueris,
669 1611 782 1686 Quinte
815 1612 910 1681 frater,
938 1611 963 1667 si

180 1707 318 1762 memorii
338 1719 434 1778 tenes,
462 1707 561 1781 opinio
587 1708 650 1778 fuit,
678 1707 712 1765 L.
739 1707 874 1763 Crassum
904 1726 962 1763 non

180 1802 243 1878 plus
271 1803 396 1878 attigisse
422 1803 571 1874 doctrinis,
597 1822 680 1877 quam
708 1813 844 1878 quantum
871 1803 965 1877 primd

181 1897 230 1954 illd
262 1898 364 1973 puerili
397 1899 575 1956 institutione
608 1900 763 1975 potuisset;
799 1898 839 1955 M.
868 1909 966 1956 autern

149 1994 341 2051 5Antoniurn
368 1995 485 2053 omnino
508 1995 600 2053 omnis
627 1995 795 2052 eruditionis
819 2007 963 2070 expertem

182 2101 266 2165 atque
281 2090 409 2168 ignarum
423 2091 525 2148 fuisse:
547 2102 683 2166 erantque
698 2091 789 2160 multi,
803 2091 862 2164 qui,
877 2081 967 2165 quanss

181 2206 265 2263 quam
293 2206 349 2252 non
375 2187 415 2245 ita
442 2205 503 2244 sese
530 2207 590 2244 rem
618 2188 722 2244 habere
750 2187 965 2258 arbitrarentur,

180 2293 286 2354 tamen,
302 2302 358 2358 quo
379 2283 491 2342 facilius
511 2301 563 2340 nos
585 2283 718 2340 incensos
738 2282 834 2339 studio
848 2283 967 2339 dicendi

181 2379 349 2437 adoctrinst
375 2380 561 2450 deterrerent,
582 2379 703 2436 libenter
731 2379 770 2450 id,
791 2379 867 2453 quod
895 2379 966 2449 dixi,

133 2481 165 2530 10
181 2475 216 2530 de
237 2475 292 2532 illis
311 2475 471 2532 oratoribus
490 2475 695 2550 praedicarent;
723 2485 764 2546 ut,
786 2475 810 2532 si
834 2475 967 2533 homines

180 2589 238 2628 non
265 2571 368 2627 cruditi
395 2591 534 2628 summam
559 2582 653 2628 essent
676 2571 855 2646 prudentiam
881 2583 968 2647 atque

144 2689 147 2698 ·
181 2666 377 2724 incredibilem
399 2667 590 2740 eloquentiam
611 2668 770 2738 consecuti,
791 2667 886 2724 inanis
907 2687 968 2725 om·

180 2763 225 2820 nis
244 2772 340 2836 noster
361 2781 423 2818 esse
443 2763 532 2834 labor,
553 2774 581 2820 et
601 2764 729 2845 stultum,
750 2764 779 2820 in
799 2765 882 2821 nobis
902 2783 966 2820 cru·
1037 2753 1040 2757 ’

180 2858 302 2929 ciendis,
327 2859 415 2933 patris
441 2859 541 2930 nostri,
564 2861 663 2935 optimi
692 2880 726 2917 ac
752 2860 965 2935 prudentissimi

135 2959 165 3006 15
181 2953 242 3024 viri,
266 2954 391 3011 studium
412 2955 563 3014 videretur.
615 2956 699 3017 Quos
723 2967 793 3027 tum,
814 2968 845 3012 ut
872 2955 964 3030 pueri,

180 3047 304 3108 refutare
318 3051 481 3111 domesticis
501 3052 630 3124 testibus,
644 3064 734 3128 putre,
748 3063 777 3109 et
791 3051 825 3110 C.
841 3052 966 3110 Aculeo
