2167 3567
95 318 127 365 a
139 316 172 378 a]
385 314 427 363 ou
450 314 617 363 onerose.
903 306 940 365 tt

95 486 191 543 qnam
216 467 254 524 ob
281 486 398 525 causam
433 476 580 539 venerant,
607 466 730 524 multum
756 465 831 523 iuter
858 482 891 522 so

97 582 196 638 usque
216 563 250 621 ad
272 573 431 620 extremum
452 572 564 638 tempus
584 561 642 619 diei
662 561 800 619 collocuti
815 570 891 620 suut.

97 660 175 722 Quo
190 660 306 734 quidem
321 660 350 716 in
365 678 496 716 sermone
517 659 608 715 multa
620 658 757 715 divinitus
772 656 893 715 atribua

97 756 159 814 illis
182 755 381 813 consularibirs
401 754 488 812 Cotta
507 754 655 829 deplorata
671 765 701 811 et
719 772 893 811 commemo·

97 862 166 910 rata
187 852 330 923 narrabat,
341 861 381 909 *ut
401 851 472 908 nihil
493 851 644 908 incidisset
663 860 764 927 postea
783 850 923 907 civitatis

98 949 183 1021 mali,
198 948 276 1023 quod
296 968 355 1005 nou
376 948 541 1023 impendere
563 948 604 1005 illi
623 958 704 1005 tanto
725 958 791 1005 ante
808 947 893 1004 vidis·

99 1056 185 1103 sent:
207 1064 242 1102 eo
257 1057 352 1103 autem
373 1044 452 1101 omni
473 1062 606 1101 sermone
626 1044 768 1115 consecto,
783 1053 892 1101 tantam

99 1142 133 1200 in
161 1141 269 1209 Crasso
296 1140 502 1199 humanitatem
534 1139 632 1211 fuisso,
660 1150 700 1210 ut,
728 1158 795 1196 cum
821 1138 892 1196 lauti

101 1238 320 1309 accubuissent,
349 1238 497 1295 tolleretur
531 1236 625 1293 omnis
658 1236 707 1293 illa
739 1234 892 1311 superioria

100 1334 223 1392 tristitia
240 1333 392 1404 sermonis,
407 1350 498 1407 eaque
518 1342 593 1389 esset
608 1332 639 1389 in
655 1331 772 1389 homine
789 1331 938 1407 jucun-1⁰

103 1430 191 1497 ditas,
212 1439 241 1486 et
261 1440 357 1486 tentus
378 1428 407 1485 in
429 1428 555 1504 jocando
575 1428 662 1503 lepos,
684 1437 716 1484 ut
735 1426 799 1484 dies
818 1426 892 1484 inter

103 1544 156 1583 eos
171 1526 258 1583 curiae
274 1526 361 1583 luisse
374 1525 528 1596 videretur,
543 1524 705 1582 convivium
719 1522 889 1581 Tusculani.

104 1621 226 1681 Postero
248 1631 342 1679 autern
362 1620 419 1692 die,
440 1640 507 1677 cum
528 1621 570 1677 illi
589 1620 713 1696 majores
731 1631 802 1677 natu
821 1619 892 1677 satis

105 1718 263 1794 quiessent,
290 1727 319 1774 et
346 1717 376 1773 in
405 1716 627 1774 ambulationem
655 1726 770 1773 rentum
804 1726 890 1783 esset,

105 1815 223 1872 dicebat
242 1824 313 1886 tum,
327 1813 497 1884 Scaevolam,
514 1812 627 1869 duobus
645 1813 745 1887 spatiis
765 1812 892 1869 tribusve
907 1822 939 1871 15

107 1910 201 1982 lactis,
235 1910 357 1970 dixisse:
396 1908 456 1966 Cur
492 1926 551 1966 non
589 1909 742 1980 imitamur,
776 1908 890 1979 Crasse,

106 2008 257 2064 Socratem
284 2006 373 2077 illum,
398 2005 446 2080 qui
474 2016 517 2062 est
540 2005 570 2062 io
597 2004 718 2063 Phaedro
744 2003 891 2062 Platonisl

108 2122 175 2161 narn
192 2121 241 2162 ¹me
261 2103 323 2160 hec
344 2112 393 2159 tue
412 2102 545 2177 platanus
571 2101 728 2171 admonuit,
749 2120 812 2176 quae
832 2120 893 2158 non

109 2198 203 2255 minus
224 2198 259 2255 ad
278 2198 458 2273 opacandum
487 2197 565 2253 huuc
593 2196 691 2253 locum
719 2196 823 2269 patulis
850 2206 894 2253 est

109 2294 210 2352 diffusa
231 2294 327 2365 ramis,
341 2312 427 2368 quam
448 2292 506 2361 illa,
523 2290 607 2365 cujus
627 2291 756 2352 umbram
777 2298 894 2347 secutus
907 2296 939 2345 2⁰

108 2401 151 2448 est
172 2391 317 2461 Socrates,
330 2409 401 2464 ,quae
428 2388 499 2445 mihi
519 2387 632 2444 videtur
659 2404 718 2442 nou
746 2396 803 2443 tam
830 2386 893 2461 ipsa

109 2486 225 2562 aquali,
238 2506 301 2561 quae
315 2486 496 2559 describitur,
510 2502 596 2560 quam
616 2483 745 2541 Platonis
763 2483 893 2541 oratioue

109 2582 248 2641 crevisse:
277 2593 305 2639 et
326 2582 403 2656 quod
423 2582 470 2639 ille
491 2580 652 2639 durissimis
672 2580 793 2656 pedibus
813 2580 892 2651 fecit,

109 2689 141 2737 ut
159 2698 190 2737 se
212 2678 348 2755 abjiceret
372 2678 402 2735 in
423 2679 554 2748 barbam,
576 2687 659 2752 atque
685 2678 726 2734 ita
751 2676 809 2747 illa,
830 2695 893 2751 quro

108 2774 270 2851 philosophi
293 2774 428 2834 divinitus
451 2774 547 2831 ferunt
570 2792 633 2831 esse
656 2772 744 2844 dicta,
765 2773 892 2846 loquera-
906 2775 938 2827 25

109 2880 163 2941 tur,
184 2870 213 2927 id
235 2868 307 2927 meis
326 2869 448 2946 pedibus
469 2879 547 2928 certe
567 2868 691 2927 concedi
711 2878 754 2925 est
775 2865 891 2939 aequius.

109 2966 186 3026 Tum
207 2965 361 3025 Crassum:
388 2964 482 3024 Immo
502 2984 569 3025 vero
593 2963 769 3025 commodius
788 2960 891 3036 θείως

343 3062 363 3121 2
375 3061 392 3097 0
