2167 3567
139 335 197 398 13⁰
455 339 498 395 nn
519 347 682 396 onsuoun.
883 332 964 409 [nn

183 495 303 554 artificio
317 515 362 555 res
377 496 437 555 isto
456 508 601 574 praecepte
611 516 671 556 non
685 507 823 575 querunt
844 479 847 484 ¹
863 495 963 570 Plane:

183 591 275 669 inquit
290 593 419 666 Catulus,
434 596 581 654 assentior.

222 691 286 766 Age
307 709 382 761 vero,
397 690 489 765 inquit
509 690 663 763 Antonius,
683 690 774 766 qualis
792 690 920 762 oratoris,
934 700 965 748 et

183 786 281 861 quanti
296 787 419 843 hominis
436 787 465 843 in
486 786 620 858 dicendo,
633 797 716 863 putas
729 803 801 858 esee,
816 786 964 844 historiam

154 880 329 939 osoriberet
382 883 424 953 si,
452 893 484 939 ut
510 883 605 940 Graeci
638 882 822 959 scripserunt,
849 883 963 955 summi,

183 977 276 1052 inquit
296 977 432 1036 Catulus:
454 979 488 1050 si,
503 989 535 1035 ut
554 979 653 1050 nostri,
667 979 738 1036 nihil
759 996 831 1055 opus
848 989 891 1036 est
904 998 965 1037 ore·

182 1083 261 1131 tore:
282 1073 350 1131 satis
370 1085 423 1144 est,
438 1094 496 1131 non
516 1093 579 1131 esse
596 1075 771 1133 mendacem.
813 1075 912 1150 Atqui,
927 1093 964 1132 ne

182 1181 296 1227 nostros
316 1182 492 1242 contemnas,
508 1170 600 1245 inquit
621 1171 775 1241 Antonius,
789 1171 883 1229 Graeci
896 1188 965 1247 quo·

184 1283 239 1341 que
259 1265 301 1322 sic
322 1266 404 1323 initio
427 1267 633 1340 scriptitirunt,
653 1277 685 1323 ut
704 1278 801 1323 noster
826 1267 911 1339 Ceto,
932 1277 965 1325 ut

138 1371 169 1420 10
184 1360 290 1432 Pictor,
305 1372 335 1418 ut
350 1360 425 1419 Piso.
466 1361 536 1418 Erat
557 1361 634 1418 enim
654 1362 772 1420 historie
790 1363 861 1420 nihil
877 1363 964 1436 uliud,

182 1457 239 1514 nisi
255 1457 396 1514 runchum
419 1451 580 1515 confectio:
603 1459 685 1535 cujus
699 1458 749 1531 rei,
764 1459 965 1534 memoriaque

182 1551 304 1628 publicae
318 1552 474 1611 retineudae
488 1554 586 1623 coust,
602 1554 637 1611 ab
651 1554 733 1611 initio
749 1573 843 1612 rerum
857 1554 965 1613 Roma·

183 1666 283 1706 narum
304 1663 393 1725 usque
415 1649 449 1706 cd
471 1648 502 1706 P.
524 1647 666 1722 Mucium,
686 1651 852 1726 pontificem
878 1651 965 1710 mexi-

183 1763 271 1816 muru,
285 1763 331 1802 res
345 1763 444 1802 omnes
458 1745 633 1822 singulorum
654 1763 792 1806 cunorum
811 1748 965 1806 mandabat

139 1850 169 1899 15
182 1839 273 1898 literis
292 1841 418 1917 pontifex
438 1841 587 1914 maximus,
602 1838 794 1918 offerebatque
810 1843 840 1901 in
858 1840 962 1917 album,

183 1947 212 1994 et
231 1937 407 2013 proponebat
433 1937 559 1995 tabulam
586 1937 674 2011 domi,
693 1949 819 2015 potestas
838 1948 869 1997 ut
889 1950 965 1998 esset

183 2031 287 2108 populo
300 2033 509 2109 cognoscendi;
533 2031 638 2114 [iique]
653 2033 739 2092 etiem
756 2054 833 2093 nunc
848 2036 965 2093 annales

183 2128 299 2186 maximi
320 2129 511 2186 nominantur.
553 2129 639 2187 Hanc
660 2130 874 2187 similitudinem
894 2132 965 2189 scri·

183 2223 269 2281 bendi
290 2224 371 2282 multi
391 2225 482 2282 secuti
499 2235 575 2296 sunt,
590 2227 647 2301 qui,
663 2228 724 2284 sine
738 2226 803 2283 ullis
816 2246 965 2284 ornamen-

137 2329 169 2380 20
183 2321 229 2392 tis,
241 2333 426 2379 monumenta
436 2321 526 2378 solum
537 2331 708 2397 temporum,
719 2323 876 2394 hominurn,
888 2324 964 2383 loco-

183 2435 256 2488 rum,
280 2428 479 2494 gestarumque
506 2437 600 2476 rerum
627 2419 812 2493 reliquerunt.
863 2419 964 2495 Itaque

183 2513 275 2588 qualis
308 2513 381 2589 apud
415 2515 532 2571 Graecos
565 2514 754 2590 Pherecydes,
784 2515 963 2589 Hellanicus,

130 2643 134 2651 ι
183 2608 318 2666 Acusilas
351 2609 414 2681 fuit,
449 2610 553 2685 aliique
589 2611 738 2687 permulti;
771 2611 836 2669 telis
867 2623 964 2670 noster

183 2703 266 2776 Cato,
281 2713 309 2761 et
331 2704 437 2776 Pictor,
451 2716 480 2762 et
501 2706 579 2776 Piso,
593 2707 642 2782 qui
662 2725 755 2782 neque
776 2717 884 2780 tenent,
905 2709 966 2783 qui·

137 2807 169 2858 25
183 2801 236 2858 bus
255 2800 341 2858 rebus
361 2805 477 2858 ornetur
496 2802 598 2873 oratio,
618 2801 716 2879 (modo
737 2802 812 2859 enim
833 2804 891 2861 huc
910 2805 966 2861 iste

183 2905 250 2954 sunt
263 2895 426 2974 importata)
441 2905 480 2967 et,
494 2896 562 2954 dum
578 2895 760 2973 intelligetur,
774 2898 841 2973 quid
856 2898 964 2969 dicant,
1068 2925 1071 2932 ·

183 3010 269 3048 unum
296 2991 412 3049 dicendi
438 2991 552 3050 leudem
578 3003 679 3069 putant
702 3011 764 3050 esse
787 2993 963 3052 brevitatem.

183 3084 334 3144 Paululum
355 3105 385 3144 se
405 3087 504 3160 erexit,
518 3098 547 3145 et
562 3088 670 3145 eddidit
689 3087 813 3147 historie
830 3088 965 3166 majorem
