2167 3567
125 297 167 359 ‘18
446 307 489 354 nu
513 305 677 352 onumen
885 302 957 366 rur.

174 465 316 532 superare.
357 454 414 527 Ac,
429 455 453 512 si
474 473 536 526 uos,
559 454 589 514 id
615 454 692 530 quod
717 451 838 512 maxime
859 453 959 524 debet,

175 563 273 609 nostra
292 552 384 628 patria
404 552 545 622 delectat;
567 552 650 628 cujus
672 551 715 608 rei
736 561 816 609 tanta
837 560 890 606 est·
902 550 959 620 vis,

177 659 426 720 complanatum,
441 659 473 705 ut
492 648 623 706 Ithacam
642 649 729 717 illam,
745 648 773 704 in
795 646 961 722 asperrimis

176 745 290 815 saxulis,
312 756 446 819 tanquam
473 745 614 815 nidulum,
635 745 757 813 affixam,
785 742 962 818 sapientissi-

143 851 238 900 5mus
258 841 299 898 vir
321 841 526 898 immortalitati
554 850 753 915 anteponeret;
781 859 839 915 quo
863 857 962 897 amore

176 937 291 996 tandem
318 937 484 996 inflammati
512 956 575 994 esse
601 938 737 993 debemus
765 937 794 993 in
817 938 961 1012 ejusmodi

175 1033 305 1110 patriam,
320 1052 383 1108 quae
405 1053 462 1092 uua
482 1035 511 1091 in
531 1033 664 1090 omnibus
689 1033 773 1090 terris
795 1033 895 1092 domus
914 1045 962 1091 est

175 1130 297 1203 virtutis,
332 1129 453 1205 imperii,
486 1129 653 1206 diguitatisl
712 1129 803 1205 Cujus
834 1129 963 1204 primum

176 1227 260 1285 nobis
285 1246 378 1298 mens,
399 1245 470 1297 mos,
490 1226 652 1300 disciplina,
672 1236 742 1282 nota
767 1243 830 1282 esse
856 1226 961 1295 debet;

130 1332 161 1381 ro
176 1323 220 1381 vel
234 1324 302 1399 quia
314 1334 357 1381 est
375 1322 475 1398 patria,
489 1340 593 1397 parens
613 1322 741 1379 omnium
760 1323 900 1392 nostrrim,
915 1322 962 1378 vel

177 1419 343 1494 quietantia
363 1417 503 1493 sapientid
524 1416 610 1474 fluisse
624 1417 654 1474 in
671 1416 736 1492 jure
757 1417 964 1474 constituendo

177 1511 303 1588 putanda
330 1522 382 1582 est,
406 1511 513 1585 quautd
540 1511 594 1568 fuit
619 1513 650 1570 in
674 1512 719 1569 his
742 1513 832 1571 tantis
858 1512 964 1587 opibus

178 1606 289 1682 imperii
303 1606 509 1681 comparandis.
549 1606 720 1682 Percipietis
733 1608 819 1666 etiam
833 1608 911 1666 illam
924 1627 964 1666 ex

178 1701 344 1778 cognitione
370 1701 442 1778 juris
462 1702 591 1760 laetitiam
615 1713 645 1760 et
667 1704 851 1779 voluptatem,
873 1706 962 1780 quod,

133 1813 164 1864 15
178 1807 315 1872 quantum
342 1798 524 1875 prestiterim
550 1799 639 1857 nostri
663 1799 784 1876 majores
809 1801 963 1876 prudentii

179 1895 283 1952 ceteris
309 1894 452 1970 gentibus,
478 1905 541 1952 tum
570 1895 707 1952 facillime
735 1896 910 1973 intelligetis,
936 1898 963 1956 si

180 2009 246 2048 cum
272 1990 384 2048 illorum
418 1991 553 2068 Lycurgo
581 2002 611 2048 et
636 1991 772 2050 Dracone
798 2003 828 2050 et
854 1995 964 2051 Solone

178 2097 290 2146 nostras
314 2087 393 2164 leges
420 2087 550 2146 conferre
576 2089 730 2146 volueritis.
788 2089 963 2147 Incredibile

179 2193 223 2242 est
243 2183 330 2254 enim,
344 2203 427 2258 quam
450 2183 486 2241 sit
506 2203 592 2242 omne
609 2185 657 2261 jus
677 2185 771 2256 civile,
784 2197 886 2262 preter
906 2188 963 2246 hoc

132 2297 164 2348 m
179 2291 319 2353 nostrum,
336 2272 531 2352 inconditum,
560 2300 594 2338 ac
619 2286 702 2356 paeire
729 2282 899 2340 ridiculum:
927 2283 963 2342 de

179 2396 238 2452 quo
270 2378 360 2436 multa
395 2377 474 2436 soleo
508 2378 537 2435 in
574 2379 753 2434 sermonibus
790 2380 964 2452 quotidianis

180 2472 287 2544 dicere,
315 2491 381 2530 cum
408 2472 558 2530 hominum
590 2482 750 2530 nostrornm
782 2474 962 2548 prudentiam

180 2566 284 2624 ceteris
308 2567 450 2638 omnibus,
472 2577 501 2623 et
521 2567 643 2623 maxime
669 2567 789 2639 Graecis,
812 2580 961 2646 antepono.

180 2661 237 2720 His
259 2680 315 2740 ago
338 2662 375 2720 de
399 2662 494 2720 causis
520 2663 658 2734 dixeram,
682 2665 820 2735 Scaevola,
844 2665 889 2737 iis,
914 2666 962 2741 qui

132 2769 164 2822 25
179 2759 300 2836 perfecti
320 2769 447 2817 oratores
460 2778 530 2816 ‘esse
551 2759 666 2831 vellent,
684 2760 757 2836 juris
783 2761 876 2819 civilis
898 2781 964 2840 cog·

179 2857 319 2916 uitionem
332 2873 395 2914 esse
408 2854 609 2914 necessariam.

218 3049 313 3110 XLV.
333 3046 351 3108 J
354 3068 399 3108 am
413 3067 480 3107 vero
494 3049 557 3126 ipsa
568 3068 619 3126 per
632 3069 696 3109 sese
709 3060 848 3126 quantum
864 3053 975 3111 afferat.
