2167 3567
130 325 220 387 nn]
412 323 462 372 ns
484 323 648 370 onerosa
914 311 973 372 1³9

140 472 281 532 dubitavit
298 473 425 531 excitare
445 490 525 530 reum
546 471 737 543 consularem,
755 479 785 529 et
803 470 866 547 ejus
885 468 928 527 di·

141 569 262 626 loricare
274 568 413 640 tunicam,
428 578 457 625 et
468 567 615 644 judicibus
632 567 784 625 cicatrices
797 566 927 624 adversas

139 666 218 723 senis
238 665 415 740 imperatoris
435 664 607 722 ostenderet
626 664 676 738 qui
697 663 782 736 idem,
803 663 860 720 hoc
880 681 928 720 ao·

98 803 101 810 .
139 771 261 818 cusaute
298 759 438 834 Sulpicio,
472 778 540 816 cum
577 759 722 821 hominem
759 757 926 815 seditiosum

140 856 336 930 furiosumque
357 855 532 930 defenderet,
547 873 606 912 uon
620 853 759 914 dubitavit
772 854 926 911 seditiones
939 860 956 908 5

138 945 217 1029 ipsas
237 971 348 1024 ornare,
364 971 403 1010 ac.
414 952 610 1010 demonstrare
629 950 804 1028 gravissimis
823 950 926 1021 verbis,

140 1048 246 1106 multos
266 1067 340 1124 sepe
361 1049 483 1124 impetus
503 1047 601 1122 populi
621 1065 679 1104 uon
706 1046 828 1122 injustos
842 1048 925 1116 'esse3

138 1164 213 1220 quos
231 1155 365 1221 praestare
385 1163 470 1201 neruo
490 1143 599 1219 possit?
619 1144 722 1203 multas
741 1141 827 1199 ctiam
847 1161 927 1198 cre·

139 1240 257 1316 publici
271 1239 427 1298 seditiones
440 1259 515 1315 sepe
528 1258 592 1296 esse
606 1238 704 1308 factas,
719 1248 751 1294 ut
764 1257 830 1321 cum
844 1255 926 1314 rages

137 1346 237 1393 essent
258 1337 363 1407 exacti,
385 1346 416 1394 ut
437 1355 503 1394 cum
527 1334 683 1392 tribunicia
704 1344 829 1409 potestas
851 1343 926 1391 esset
941 1344 972 1393 10

138 1417 317 1492 coustitutal
342 1433 418 1490 illam
441 1432 573 1489 Norbani
593 1431 775 1502 seditionem,
789 1450 825 1488 ex
844 1431 924 1488 luctu

35 1523 37 1528 ’
131 1527 257 1599 ¹civium,
285 1539 315 1585 et
341 1547 376 1586 ex
404 1527 550 1604 capionis
582 1527 660 1599 odio,
687 1526 736 1602 qui
769 1526 926 1584 exercitum

142 1622 283 1694 amiserat,
307 1641 400 1697 neque
423 1622 538 1698 reprimi
565 1622 702 1698 potuisse,
726 1631 756 1679 et
776 1622 840 1697 jure
862 1640 926 1679 esse

138 1719 314 1776 conflataml
354 1719 453 1778 Potuit
470 1719 518 1777 hic
537 1719 620 1776 locus
645 1729 705 1777 tam
732 1706 925 1794 aucepslam

137 1813 296 1887 inauditus,
310 1825 367 1874 tam
381 1815 519 1886 lubricus,
533 1825 592 1873 tarn
605 1833 706 1886 noros,
721 1815 783 1872 sine
803 1814 924 1889 quidam
939 1825 971 1873 15

137 1909 304 1968 incredibili
315 1910 342 1968 ri
354 1930 388 1968 ac
399 1909 534 1969 facultate
546 1911 660 1967 dicendi
674 1910 824 1968 tractaril'
842 1909 924 1971 Quid

138 2025 196 2082 ego
210 2007 246 2063 de
260 2007 315 2066 Cn.
330 2005 442 2077 Manlii,
454 2007 520 2082 quid
536 2007 572 2063 de
584 2005 624 2068 Q.
637 2006 730 2082 Regis
744 2006 926 2063 commisera-

141 2103 220 2186 tione
240 2103 354 2162 dicaml
375 2104 498 2178 quidde
520 2103 583 2161 aliis
599 2104 873 2162 innumerabilibus?
895 2103 924 2160 in

140 2199 244 2275 quibus
258 2217 316 2256 nou
331 2200 387 2256 boc
400 2200 522 2258 maxime
535 2199 648 2270 enituit,
662 2199 739 2274 quod
759 2199 811 2256 libi
825 2217 925 2256 ornnes

137 2294 219 2366 dant,
235 2312 356 2352 acumen
369 2295 510 2370 quoddam
530 2295 684 2372 singulare,
698 2295 748 2352 sed
769 2295 831 2352 haec
853 2293 923 2370 ipsa,
937 2304 970 2354 w

139 2409 203 2465 que
223 2407 301 2448 nuno
323 2391 357 2448 ad
377 2409 424 2448 me
442 2391 576 2467 delegare
595 2391 646 2463 ris,
661 2410 697 2448 ca
715 2409 826 2465 semper
846 2390 876 2448 iu
894 2401 925 2448 te

136 2487 245 2544 eximia
258 2496 287 2544 et
299 2487 463 2563 prestantia
476 2485 598 2546 luerunt

178 2678 297 2740 XXIX.
315 2680 407 2750 [Tum
434 2679 565 2751 Catulus,
585 2679 650 2757 Ego
671 2699 748 2753 vero,
768 2681 871 2756 inquit,
892 2681 923 2738 in

136 2776 221 2834 vobis
247 2776 303 2834 hoc
329 2777 451 2834 maxime
479 2777 612 2834 admirari
639 2776 727 2847 soleo,
748 2777 833 2850 quod,
855 2795 922 2834 cum

136 2872 213 2930 inter
228 2891 277 2931 vos
290 2872 321 2930 iu
334 2872 459 2930 diceudo
479 2871 661 2929 dissimillimi
680 2872 752 2942 sitis,
767 2871 807 2928 ita
825 2872 921 2928 tamen
936 2883 968 2933 25

129 2978 258 3044 uterque
271 2968 394 3025 restrum
409 2967 496 3040 dicat,
511 2977 542 3024 ut
556 2968 583 3024 ci
597 2967 668 3024 nihil
682 2984 776 3041 neque
791 2986 806 3024 a
819 2966 922 3025 naturd

130 3063 322 3142 denegatum,
342 3081 435 3140 neque
455 3063 624 3124 adoctrind
642 3081 701 3121 non
721 3063 845 3121 delatum
859 3081 922 3120 csse
