2167 3567
16 342 18 427 p
110 318 139 365 ι.
150 318 185 379 ι]
395 321 440 369 ns
461 320 624 371 cursous.
903 306 944 369 27

113 467 249 543 equidem
263 467 294 527 in
311 468 357 526 his
377 469 468 545 magis
488 469 603 528 assidue
611 468 720 544 ¹versari
740 468 815 525 hanc
834 483 900 524 nos·

115 572 189 619 tram
207 564 384 621 dictionem:
412 565 462 623 sed
486 576 582 623 tumen
603 564 633 623 in
653 565 699 623 bis
718 564 786 640 ipsis
811 564 899 622 rebus

111 659 256 733 permulta
276 670 352 731 sunt,
373 678 436 735 quae
463 660 510 718 isti
537 659 676 736 magistri,
695 657 898 736 quirbetorici

110 767 264 828 vocantur,
279 776 335 815 nec
355 756 480 829 tradunt,
497 775 553 815 nec
573 766 679 815 tenent.
724 755 802 817 Quis
820 755 899 813 enirn

110 852 220 923 nescit,
235 853 387 909 maximam
402 852 459 909 vim
479 853 601 910 existere
620 852 740 911 oratoris
759 852 789 909 in
808 850 928 909 homi-5

109 966 182 1005 num
212 949 357 1009 mentibus
384 949 426 1007 vel
448 950 484 1007 ad
504 949 576 1006 iram
597 960 646 1006 aut
666 949 701 1005 ad
720 948 829 1018 odium,
850 956 899 1005 aut

109 1044 243 1101 dolorem
265 1045 430 1117 incitandis,
445 1045 488 1103 vel
510 1046 547 1103 ab
567 1045 647 1103 bisce
667 1044 769 1103 iisdem
788 1062 899 1121 permo-

109 1140 241 1199 tionibus
266 1141 301 1199 nd
326 1140 485 1211 lenitatem,
513 1140 794 1214 misericordiamque
820 1158 899 1197 revo-

110 1236 236 1293 candist
257 1254 354 1311 quare,
375 1236 430 1293 nisi
450 1237 498 1311 qui
518 1245 636 1297 naturas
654 1236 810 1308 bominum,
830 1235 899 1318 rim·

110 1350 168 1407 que
189 1350 306 1389 ornnem
328 1332 522 1404 humanitatis,
539 1350 697 1406 causasque
716 1350 775 1403 ens,
795 1330 899 1405 quibus
912 1342 943 1391 10

110 1436 227 1485 mentes
251 1438 300 1485 aut
322 1428 478 1486 incitantur
495 1438 552 1486 aut
570 1427 764 1499 reflectuntur,
783 1427 898 1503 penitus

110 1524 300 1599 perspexerit,
321 1524 455 1595 dicendo,
476 1524 554 1599 quod
574 1524 658 1591 volet,
678 1524 816 1599 perficere
838 1542 898 1581 non

110 1619 228 1695 poterit.
283 1620 373 1693 Atqui
393 1629 469 1677 totns
489 1620 537 1677 hic
558 1620 640 1679 locus
664 1619 898 1697 pbilosophorum

110 1716 247 1792 proprius
274 1716 400 1786 videtur;
434 1734 528 1791 neque
560 1727 666 1787 orator,
692 1734 740 1773 me
770 1725 897 1787 auctore,

111 1831 242 1887 unquam
257 1811 443 1888 repugnabit:
465 1812 525 1883 sed,
541 1830 608 1869 curn
625 1812 682 1869 illis
701 1811 898 1888 cognitionem
912 1822 943 1871 15

111 1926 211 1965 rerum
232 1908 417 1979 concesserit,
438 1909 513 1982 quod
534 1907 565 1965 in
584 1908 619 1964 ed
639 1908 731 1965 solum
749 1906 791 1965 illi
804 1908 899 1965 volue-

112 2004 172 2062 rint
193 2002 358 2073 elaborare;
379 2003 581 2061 tractationem
599 2004 745 2074 orationis,
759 2022 821 2079 qnae
837 2005 899 2061 sine

114 2098 164 2157 illd
186 2099 310 2157 scientia
330 2100 408 2157 nulla
428 2108 480 2171 est,
502 2099 557 2158 sibi
578 2109 718 2157 meumst:
746 2099 802 2156 hoc
821 2099 899 2157 enim

114 2206 158 2253 est
171 2195 319 2271 proprium
333 2195 463 2266 oratoris,
478 2196 555 2270 quod
568 2214 642 2270 sepe
652 2196 711 2270 jam
724 2195 794 2265 dixi,
807 2196 900 2253 oratio

113 2292 220 2368 gravis,
234 2301 264 2349 et
277 2302 386 2363 ornata,
401 2301 430 2350 et
444 2291 592 2350 hominum
608 2291 739 2347 sensibus
752 2309 786 2348 ac
800 2290 900 2349 menti·
912 2304 944 2355 ιι)

115 2387 169 2445 bus
185 2388 411 2446 accommodata.

153 2579 241 2638 XIII.
263 2579 380 2641 Quibus
393 2580 529 2637 derebus
549 2577 733 2636 Aristotelem
754 2587 784 2635 et
802 2576 899 2637 Theo·

16 2728 17 2731 ,
113 2677 263 2753 phrustum
284 2676 431 2751 scripsisse
452 2675 549 2733 fateor.
600 2675 658 2731 Sed
679 2674 753 2745 vide,
772 2692 810 2731 ne
830 2674 896 2744 hoo,

115 2774 256 2843 Scaevola,
277 2782 369 2830 toturn
389 2771 426 2831 sit
447 2791 463 2829 ιι
482 2790 546 2829 me:
573 2788 639 2828 nam
659 2789 722 2847 ego,
743 2788 806 2844 que
832 2778 899 2826 sunt

114 2868 224 2927 oratori
238 2887 304 2925 cum
319 2867 375 2925 illis
389 2866 563 2936 communia,
577 2885 634 2925 non
649 2877 760 2925 mutuor
774 2865 811 2920 ab
824 2864 896 2935 illis;
911 2880 944 2931 25

114 2965 173 3037 isti,
195 2984 258 3040 quae
279 2965 315 3021 de
335 2963 380 3021 his
399 2964 484 3021 rebus
504 2962 659 3038 disputant,
673 2970 815 3019 oratorum
835 2978 899 3019 esse

117 3062 291 3133 concedunt.
332 3058 433 3135 Itaque
453 3068 565 3117 ceteros
583 3058 672 3115 libros
693 3056 760 3115 artis
773 3055 821 3114 isti
840 3076 898 3117 sure
