2167 3567
106 326 140 372 ι.
152 324 183 385 s]
395 328 439 375 us
460 328 625 377 oesrose.
905 315 945 375 25

106 474 245 531 veritatis.
288 472 366 533 Nam
388 475 412 533 si
432 476 495 551 quis
515 478 595 535 huno
614 475 714 535 ststoit
728 493 792 533 esse
805 485 901 535 oreso-

12 634 13 641 ,
108 589 182 641 rem,
202 571 251 645 qui
275 572 473 631 tantummodo
500 574 531 631 iu
555 573 629 650 jure,
650 582 699 630 sut
725 572 756 631 in
779 572 900 649 judiciis

105 666 209 740 possit,
225 676 275 725 aut
296 667 371 742 apud
391 668 536 743 populum,
557 678 606 726 out
621 668 652 725 irs
665 678 766 727 senatu
779 668 899 743 copiose

104 762 197 835 loqui,
213 771 310 819 tamen
333 762 401 821 hoio
420 762 474 837 ipsi
492 763 581 821 multa
593 764 699 821 tribuat
712 773 742 821 et
755 764 900 821 concedet

104 877 230 915 neeesse
245 868 308 917 est.¹
338 858 442 934 Neque
462 859 539 917 euim
560 859 623 917 sine
637 859 727 917 multi
743 869 929 935 pertracto-5

104 954 189 1012 tione
222 954 352 1012 omnium
385 955 672 1031 rerumpublicarum,
705 975 799 1031 neque
833 956 898 1015 sine

103 1051 218 1127 legum,
250 1069 372 1122 morum,
403 1051 476 1127 juris
510 1052 642 1122 seientii,
668 1070 761 1127 neque
793 1052 898 1111 naturis

104 1147 258 1204 hominum
286 1147 444 1223 incogniti,
472 1166 507 1205 so
533 1148 671 1218 moribus,
699 1147 729 1204 in
756 1147 801 1205 his
827 1147 896 1223 ipsis

103 1245 194 1301 rebus
215 1244 284 1300 satis
300 1243 404 1301 callide
417 1243 532 1315 versari,
546 1254 576 1302 er
587 1243 678 1320 perite
690 1253 792 1319 potest.
832 1242 895 1305 Qui

105 1350 207 1397 autem
228 1340 291 1397 haeo
312 1340 489 1417 cognoverit,
503 1340 566 1399 sine
585 1340 690 1415 quibus
709 1358 747 1398 ue
766 1339 816 1397 illa
834 1340 943 1415 qui-10

104 1437 174 1493 dem
203 1436 324 1493 minima
350 1437 380 1493 in
407 1436 502 1494 causis
529 1436 676 1511 quisquam
710 1446 789 1495 reete
821 1436 896 1493 tueri

103 1541 213 1607 potest,
229 1532 297 1606 quid
318 1532 387 1590 huie
408 1534 508 1589 abesse
526 1532 632 1608 poterit
651 1533 688 1589 de
707 1532 897 1590 maximorum

103 1646 205 1685 rerum
219 1628 362 1687 soientirii
403 1629 456 1686 Sin
476 1629 597 1687 oratoris
610 1629 681 1687 nihil
695 1629 737 1687 vis
750 1649 823 1700 esse,
836 1628 894 1687 nisi

103 1724 279 1799 composite,
306 1735 416 1797 ornate,
444 1726 560 1801 copiose
586 1726 696 1801 eloqui:
730 1744 837 1801 quero,
863 1725 894 1782 id

103 1820 202 1897 ipsum
223 1821 273 1896 qui
292 1821 383 1897 possit
403 1822 515 1896 assequi
536 1822 599 1879 siue
614 1823 650 1879 ei
663 1822 940 1897 scientis,quam1s

103 1918 131 1974 ei
147 1936 209 1974 non
230 1918 387 1975 concedis?
427 1918 553 1975 Dicendi
572 1918 650 1978 euim
670 1919 768 1990 virtus,
782 1918 838 1975 nisi
854 1918 892 1989 ei,

104 2014 156 2088 qui
184 2014 265 2085 diois,
293 2033 336 2085 ea,
364 2014 400 2071 de
428 2014 530 2089 quibus
556 2015 638 2087 dieii,
664 2026 800 2091 percepta
824 2015 891 2086 sint,

105 2120 220 2167 exstare
252 2128 311 2167 non
344 2120 458 2185 potem.-
505 2110 713 2181 Quamobrem,
738 2110 764 2169 si
791 2121 893 2169 ornate

105 2206 223 2264 locutus
242 2217 286 2265 est
305 2207 381 2264 siout
401 2208 498 2278 fertur,
517 2217 547 2265 et
567 2207 638 2265 mihi
659 2207 779 2277 ridetur,
798 2206 893 2281 physi-

105 2322 161 2360 eus
181 2303 230 2360 ille
250 2303 451 2373 Democritus;
476 2301 611 2359 materies
629 2301 679 2359 illa
698 2301 751 2357 suit
770 2301 892 2376 physioi,
906 2314 939 2365 m

103 2398 141 2456 de
157 2399 215 2474 qui
229 2398 316 2455 dixit:
338 2408 456 2455 ornatus
471 2416 537 2455 vero
552 2398 613 2473 ipse
626 2396 786 2468 verborum,
800 2406 893 2454 orato-

104 2494 145 2552 ris
172 2494 316 2570 putandus
342 2506 393 2553 est.
449 2494 496 2568 Et,
524 2495 550 2552 si
582 2494 664 2552 Pluto
697 2493 733 2551 de
761 2493 848 2553 rebus
876 2514 894 2552 a

105 2591 241 2649 civilibus
257 2591 460 2649 controversiis
480 2591 685 2663 remotissimis,
700 2591 836 2651 divinitus
848 2601 893 2649 est

106 2686 222 2744 loeutus
241 2688 316 2763 quod
337 2706 390 2765 ego
411 2688 557 2745 concedo:
578 2688 603 2745 si
624 2688 692 2745 item
711 2688 891 2759 Aristoteles,

105 2784 129 2841 si
150 2784 380 2859 Theophrastus,
402 2784 426 2841 si
447 2784 612 2842 Carneades
631 2785 662 2843 in
683 2783 769 2843 rebus
789 2784 833 2856 iis,
855 2783 892 2841 de
904 2800 937 2850 25

105 2880 210 2955 quibus
231 2880 455 2956 disputaverunt,
469 2881 646 2957 eloquentes,
667 2891 697 2938 et
716 2881 747 2937 in
767 2879 891 2937 diceudo

105 2995 207 3035 suaves
234 2987 318 3052 etque
345 2976 439 3035 ornati
467 2977 597 3037 suerunt:
624 2978 693 3035 sint·
708 2978 752 3033 he
778 2993 834 3046 res,
854 2975 892 3033 de

108 3072 210 3147 quibus
236 3073 391 3152 disputent,
419 3073 449 3133 iu
477 3074 540 3135 eliis
567 3073 738 3152 quibusdem
770 3071 914 3144 studiis3·

341 3170 364 3227 3
766 3190 773 3203 r
