2167 3567
160 320 200 379 at
479 330 522 377 oe
544 330 706 377 onrronn.
917 329 961 389 [u.
974 328 1000 375 1.

246 478 344 535 XVII.
371 478 450 535 Tum
470 478 567 537 ridens
591 478 729 548 Scaevola,
751 475 821 533 Non
846 476 1000 549 luctabor,

201 573 310 648 inquit,
331 585 437 645 tecum,
458 575 572 644 Crasse,
588 575 724 649 amplius:
746 574 774 630 id
789 573 866 630 enim
886 572 998 647 ipsum,

208 672 285 745 quod
306 682 406 728 contra
426 690 472 727 me
491 672 606 727 locutus
619 690 660 742 es,
677 670 797 727 artificio
817 670 942 744 quodam
962 688 1000 725 es

209 777 391 837 consecutus,
407 776 438 824 ut
452 777 480 823 et
494 767 574 838 mihi,
589 786 651 840 quae
665 784 720 842 ego
733 765 834 823 vellem
854 784 910 822 uon
926 783 998 821 esse

178 863 338 933 curatoris,
363 863 547 933 concederes,
581 872 610 919 et
635 880 670 918 ea
696 862 758 936 ipsa
788 861 887 918 nescio
922 880 998 935 quo-

209 958 294 1015 modo
319 975 415 1015 rursus
435 959 629 1032 detorqueres,
647 969 731 1031 etque
751 957 857 1016 oratori
876 958 998 1031 propriu

209 1054 343 1111 traderes.
385 1054 467 1125 Haec,
483 1074 549 1111 oum
564 1073 619 1130 ego
631 1068 733 1130 pretor
747 1053 885 1109 Rhodum
899 1053 996 1109 venis-

209 1170 278 1222 sem,
293 1163 322 1207 et
337 1170 403 1208 curn
424 1169 542 1207 summo*
556 1151 605 1207 illo
625 1151 744 1206 doctore
764 1150 845 1206 istius
866 1149 996 1223 discipli-

209 1266 253 1304 nae
280 1248 511 1322 Apollonides,
536 1266 598 1320 quae
620 1266 637 1303 a
657 1246 784 1303 Panaetio
811 1264 993 1320 acceperam,

163 1351 194 1399 10
210 1344 408 1411 contulissem3
446 1343 532 1399 irrisit
566 1343 614 1399 ilie
647 1342 772 1416 quidem,
806 1353 838 1397 ut
869 1342 991 1412 solebat,

208 1440 416 1514 philosophiam
439 1448 522 1512 atque
550 1438 730 1513 contempsit,
759 1437 903 1510 multaque
931 1456 992 1495 nou

209 1543 267 1591 tam
293 1534 415 1609 graviter
441 1534 521 1604 dixit,
552 1533 638 1607 quain
666 1534 777 1605 facete,
812 1543 861 1590 tua
894 1543 991 1589 autem

210 1629 263 1685 suit
276 1630 368 1686 oratio
388 1629 537 1705 ejusmodi,
552 1649 609 1686 nou
623 1640 655 1686 ut
668 1630 756 1686 ullum
777 1641 865 1686 artem
885 1629 992 1685 doctri·

208 1744 309 1783 uemve
332 1736 540 1795 contemneres,
562 1726 612 1781 sed
631 1736 663 1782 ut
683 1744 783 1781 omnes
810 1725 929 1782 comites
956 1744 992 1782 ao

164 1830 195 1883 15
209 1820 352 1877 ministras
379 1821 500 1877 oratoris
526 1840 589 1877 esse
615 1821 734 1877 diceres.
774 1820 858 1882 Quas
880 1839 944 1896 ego,
965 1820 991 1877 si

210 1916 273 1991 quis
292 1916 330 1974 sit
350 1934 424 1973 unus
444 1916 612 1992 complexus
630 1936 738 1988 omnes,
756 1916 889 1990 idemque
909 1916 933 1972 si
954 1917 990 1973 ad

209 2032 258 2070 eas
279 2012 442 2070 facultatem
469 2013 553 2069 istam
572 2013 758 2070 ornatissimas
785 2012 923 2069 orationis
943 2012 990 2069 sd·

208 2108 332 2185 junxerit
340 2129 347 2178 ;
370 2127 427 2165 non
441 2126 556 2184 possum
569 2108 676 2179 dicere,
691 2127 755 2164 euru
770 2125 828 2165 non
842 2108 989 2184 egregium

209 2205 351 2279 quendam
365 2206 509 2263 hominem
524 2215 609 2278 atque
629 2204 826 2263 admirandum
840 2204 917 2261 fore:
939 2205 988 2261 sed

162 2300 343 2376 missioni
364 2312 447 2371 esset,
464 2312 511 2359 aut
528 2301 552 2357 si
565 2302 652 2357 etiarn
671 2318 797 2373 unquam
818 2300 926 2370 fuisset,
941 2311 989 2357 aut

209 2416 275 2455 vero
288 2397 311 2453 si
331 2416 393 2455 esse
413 2407 517 2472 posset,
532 2407 564 2454 tu
583 2415 660 2453 esses
681 2414 755 2454 unus
773 2395 919 2470 prosecto;
940 2396 988 2469 qui

208 2501 239 2549 et
261 2510 327 2549 meo
347 2491 466 2567 judicio,
491 2504 519 2547 et
542 2491 678 2562 omniurn,
702 2491 750 2549 vis
776 2490 862 2547 ullam
887 2490 989 2548 ceteris

209 2586 475 2663 oratoribus‘(peoe
496 2585 597 2643 horum
625 2586 759 2665 dixerim)
787 2586 899 2644 laudem
926 2586 988 2644 reli·

210 2682 304 2757 quisti.
344 2683 453 2739 Verum
473 2682 498 2739 si
518 2682 570 2740 tibi
591 2682 645 2757 ipsi
665 2682 734 2741 nihil
756 2683 847 2753 deest,
863 2684 939 2757 quod
958 2683 987 2740 in

164 2790 196 2841 85
210 2778 370 2837 forensibus
406 2778 491 2835 rebus
528 2778 714 2854 civilibusque
750 2790 887 2849 versetur,
921 2780 988 2853 quin

210 2876 295 2946 scias,
309 2890 402 2949 neque
422 2893 484 2931 earn
505 2884 601 2931 tamen
620 2874 779 2945 scientiam,
793 2894 879 2949 quarn
894 2874 988 2949 adjun-

210 2972 255 3049 gis
268 2970 384 3042 oratori,
399 2970 565 3045 complexus
584 2990 631 3039 es;
653 2970 808 3041 videamus,
823 2983 860 3026 ne
880 2970 943 3046 plus
961 2970 987 3027 ei

211 3068 329 3141 tribuas,
342 3086 426 3142 quam
441 3085 486 3123 res
500 3075 529 3122 et
542 3066 646 3124 veritas
660 3066 721 3140 ipsa
734 3066 885 3127 concodat.
