2167 3567
102 317 179 376 nn]
392 316 435 363 nn
457 316 623 363 cainone.
911 305 948 363 1³

104 464 211 523 multis
246 463 334 521 rebus
370 482 521 539 possumus
555 464 701 543 judicare)
738 472 902 521 nostrorum

106 560 262 617 hominum
283 560 405 617 multum
426 562 530 617 ceteris
560 558 751 641 [hominibus]
773 560 903 618 omnium

104 657 241 734 gentium
261 657 463 732 prestiterunt.
517 657 635 718 Quibus
655 658 693 713 ds
713 657 817 728 causis,
839 656 903 733 quis

104 773 170 811 non
196 752 261 830 jure
288 753 418 825 miretur,
442 772 479 810 ex
505 754 584 811 omni
612 754 750 811 memorial
776 763 902 825 etatum,

104 864 282 925 temporum,
313 850 472 921 civitatum,
502 859 562 907 tam
590 849 728 926 exiguum
756 858 933 907 oratorumo

103 966 263 1005 numerum
279 947 421 1004 inveniril

149 1043 210 1101 Sed
231 1043 368 1101 nimirum
389 1043 481 1119 majus
501 1052 546 1100 est
569 1041 627 1101 hoc
649 1042 797 1117 quiddam,
816 1061 903 1119 quam

105 1140 243 1199 homines
256 1140 420 1215 opinantur,
431 1150 461 1197 et
474 1139 605 1214 pluribus
618 1158 655 1197 ex
669 1139 778 1197 artibus
791 1139 904 1198 studiis·

106 1256 166 1313 que
181 1236 344 1295 collectum.

150 1432 188 1489 V.
215 1431 293 1493 Quis
313 1431 391 1489 enim
413 1432 500 1504 aliud,
522 1432 552 1489 in
576 1432 703 1491 maximi
728 1430 903 1489 discentium
918 1439 949 1489 10

110 1529 307 1599 multitudine,
335 1529 447 1587 summat
479 1530 679 1605 magistrorum
712 1528 807 1606 copiti,
834 1547 904 1605 prae·

110 1625 297 1683 stantissimis
311 1625 460 1682 hominum
475 1625 610 1702 ingeniis,
625 1626 737 1683 infinita
751 1644 903 1683 causarum

10 1756 11 1759 =
109 1722 259 1793 varietate,
276 1721 459 1798 amplissimis
474 1722 646 1796 eloquentiae
666 1722 820 1798 propositis
833 1740 904 1797 prae·

110 1819 187 1890 miis,
201 1837 265 1875 esse
286 1837 381 1875 causae
400 1826 491 1893 putet,
506 1818 564 1875 nisi
583 1818 626 1876 rei
646 1818 790 1893 quandam
811 1818 903 1876 incre·

110 1914 230 1973 dibilom
257 1915 497 1991 magnitudinem,
526 1934 562 1972 ao
588 1915 807 1973 difficultateml
848 1914 902 1972 Est
918 1925 950 1974 15

111 2012 189 2069 enim
210 2021 240 2069 et
260 2011 383 2069 scientia
406 2011 680 2086 comprehendenda
700 2030 796 2069 rerum
816 2011 904 2087 pluri·

113 2128 234 2180 marum,
262 2108 324 2167 sine
351 2108 408 2183 qud
434 2110 586 2166 verborum
610 2108 772 2166 volubilitas
798 2107 903 2182 inustis,

114 2216 198 2280 atque
219 2205 366 2263 irridenda
378 2215 438 2274 est;
460 2214 489 2261 et
503 2205 566 2279 ipsa
578 2205 671 2262 oratio
686 2204 903 2275 conformanda,

112 2320 171 2359 non
198 2302 292 2359 solum
319 2301 472 2372 electione,
494 2300 545 2357 sed
573 2298 661 2356 stiam
688 2299 905 2357 constructione

112 2400 281 2468 verborum3
315 2408 344 2455 et
371 2416 472 2455 omnes
507 2396 668 2455 animomm
701 2405 804 2468 molan
833 2415 905 2473 quos
919 2407 952 2458 m

112 2494 262 2553 hominum
282 2494 383 2571 generi
406 2513 502 2553 rerum
530 2504 634 2551 natura
658 2492 770 2564 tribuit,
789 2495 905 2572 penitus

112 2592 321 2669 pemoscendi3
346 2592 423 2667 quod
445 2592 539 2650 omnis
559 2592 603 2649 vis
623 2592 755 2666 ratioque
775 2592 904 2665 dicendi,

114 2689 144 2747 in
163 2707 275 2761 eorum,
296 2689 346 2765 qui
368 2689 498 2760 audiunt,
519 2688 665 2746 mentibus
689 2699 738 2747 aut
758 2689 904 2760 sedandis,

115 2796 162 2845 aut
188 2787 350 2844 excitandis
382 2786 575 2863 expromenda
597 2796 650 2843 est.
701 2786 835 2843 Accedat
858 2802 906 2842 eo·

113 2883 178 2941 dem
199 2892 314 2959 oportet
339 2884 421 2959 lepos
447 2882 565 2957 quidam
593 2882 772 2957 facetiaeque,
793 2890 823 2937 et
842 2898 905 2939 eru·
918 2894 950 2943 ἥ

114 2981 183 3039 ditio
209 2980 302 3038 libero
328 2980 427 3059 digna,
451 2979 642 3055 celeritasque
669 2990 699 3035 et
725 2976 850 3034 brevitas
875 2988 905 3036 et

114 3076 305 3157 respondendi
330 3087 360 3137 et
384 3076 556 3151 lacessendi,
576 3075 676 3137 subtili
694 3083 844 3134 venustate
864 3085 914 3164 ιιι,

349 3174 369 3233 2
