2167 3567
112 333 195 396 nu]
397 333 440 394 on
462 333 626 381 oaauonn
890 323 945 384 141

113 482 234 540 dentur:
261 482 338 557 quod
365 482 442 541 enim
469 451 525 558 ipsi
551 480 662 557 experti
688 497 747 539 non
774 488 851 552 aunt,
872 479 902 538 id

113 578 220 636 dooent
240 589 361 637 ceteros.
403 579 461 638 Sed
482 579 539 638 hoo
553 579 649 636 minua
662 577 782 634 fortasse
795 586 901 648 errant,

112 675 189 749 quod
216 694 274 732 non
298 686 336 747 te,
358 686 390 734 ut
417 675 623 746 Hannibalem,
644 675 695 732 sed
721 691 826 749 pueros
852 682 902 731 aut

113 772 353 845 adolesoentulos‚
368 773 473 831 dooere
488 783 638 831 nouantur.

152 963 240 1022 XIX.
270 965 368 1038 Erras,
390 965 503 1037 Catule,
524 965 619 1041 inquit
641 965 805 1023 Antonius:
832 973 930 1022 namo

111 1072 228 1137 egomet
241 1061 270 1120 in
285 1062 390 1120 multos
406 1063 465 1139 jam
480 1062 670 1120 Phormiones
683 1062 781 1120 insidi.
820 1059 899 1123 Quia

112 1157 190 1216 enim
223 1169 267 1215 est
299 1158 418 1216 istorum
451 1158 631 1230 Graecorum,
655 1159 705 1234 qui
737 1175 900 1234 quenquam

99 1243 242 1312 ¹nostrum
263 1254 417 1329 quidquam
438 1254 600 1332 intelligere
627 1255 798 1312 arbitretur?
852 1254 900 1312 Ao

112 1349 184 1414 mihi
204 1350 318 1426 quidem
339 1368 399 1408 non
413 1350 453 1408 ita
467 1351 580 1409 molesti
592 1361 676 1420 aunt;
699 1351 784 1408 facile
798 1368 900 1408 omnes

111 1446 256 1522 perpetior
276 1456 305 1504 et
324 1447 453 1522 perfero:
481 1465 549 1505 nam
570 1457 618 1505 aut
639 1446 747 1522 aliquid
767 1447 898 1518 afferunt,
913 1447 945 1498 1⁰

113 1542 191 1616 quod
211 1541 282 1598 mihi
301 1561 360 1600 non
381 1542 549 1619 displiceat3
574 1553 624 1600 aut
643 1543 781 1615 efficiunt,
802 1552 833 1601 ut
852 1560 899 1600 me

113 1656 172 1695 non
193 1638 329 1696 didicisse
349 1639 444 1696 minus
464 1640 610 1715 poeniteat.
662 1638 783 1698 Dimitto
803 1649 899 1697 autem

113 1753 162 1792 eos
182 1751 240 1792 non
260 1745 318 1792 tam
346 1736 565 1808 contumeliose,
586 1754 672 1812 quam
699 1735 898 1812 philosophum

113 1830 194 1890 illum
215 1831 361 1888 Hannibal
370 1851 378 1902 ;
400 1842 429 1888 et
443 1851 478 1890 eo
493 1832 612 1924 soqta'ase
625 1833 691 1909 plna
702 1833 794 1895 habeo
811 1831 898 1889 etiam
925 1860 928 1863 κ

112 1927 238 2004 negotii:
260 1927 309 1985 sed
324 1938 419 1985 tamen
433 1937 476 1984 est
490 1947 591 1986 eorum
604 1929 746 2001 doctriua,
760 1937 897 2003 quantum
913 1927 944 1978 15

113 2041 168 2099 ego
198 2023 329 2099 judicare
361 2042 488 2100 possum,
521 2025 705 2099 perridicula.
759 2023 899 2081 Dividunt

113 2117 190 2175 enim
211 2128 300 2175 totam
321 2137 380 2174 rem
403 2118 432 2176 in
453 2119 524 2176 duas
544 2129 649 2194 partes,
666 2119 694 2174 in
715 2136 810 2175 oauaae
831 2137 898 2175 oon·

113 2215 331 2286 troversiam,‘et
348 2214 377 2272 in
396 2215 569 2289 quaestionis.
610 2214 735 2272 Causam
757 2212 898 2289 appeliant

113 2329 173 2368 rem
194 2311 314 2386 positam
337 2311 365 2368 in
387 2310 596 2386 disceptatione
622 2328 716 2367 rerum
736 2320 766 2366 et
785 2320 899 2367 oontro-

113 2405 221 2476 versid;
249 2407 435 2482 quaestionem
457 2415 563 2477 autem,
583 2425 643 2462 rem
664 2407 785 2481 positam
807 2406 836 2463 in
856 2406 899 2462 in·
912 2413 945 2463 2⁰

113 2501 195 2559 finito
209 2502 395 2560 dubitatione.
437 2501 482 2560 De
492 2503 586 2560 'onusd
599 2512 743 2578 praecepta
755 2502 840 2573 deut3
861 2502 899 2560 do

113 2597 203 2656 altero
216 2608 295 2674 parte
309 2598 425 2658 dioendi
440 2599 542 2656 mirum
558 2598 703 2656 silentium
718 2610 769 2658 est.
810 2599 898 2657 Deni-

113 2712 169 2769 que
188 2694 314 2770 quinque
335 2694 443 2752 faciunt
463 2693 545 2769 quasi
565 2695 694 2752 membra
716 2694 897 2770 eloquentiae,

112 2789 242 2848 invenire
269 2790 337 2864 quid
362 2790 452 2862 dicas,
474 2791 590 2848 inventa
611 2791 774 2867 disponere,
794 2789 898 2846 deindo

113 2903 215 2944 ornare
235 2886 338 2958 verbis,
359 2897 424 2962 post
443 2888 590 2946 memoria
613 2888 760 2957 mandare,
780 2896 840 2943 tum
862 2884 897 2945 ad
912 2894 945 2944 25

112 2992 271 3040 extremum
292 3001 377 3060 agero
398 3001 432 3041 ao
451 2985 656 3060 pronuntiare:
676 3001 737 3040 rem
751 3001 819 3042 sano
838 2999 898 3040 non

113 3079 301 3140 reoonditam.
354 3078 432 3145 Quis
455 3080 533 3139 onim
557 3081 615 3138 hoo
639 3097 698 3138 nou
721 3079 773 3138 aud
796 3087 899 3156 sponte
