2167 3567
109 326 188 386 uua
389 325 432 374 oa
453 321 618 375 oaauoau
878 313 936 372 178

109 492 163 532 nos
182 473 268 551 igitur
290 473 404 532 Stoious
424 474 477 531 iste
503 473 573 532 nihil
601 473 724 550 adjurat,
745 471 889 547 quoniam,

108 569 346 644 quemadmodum
362 570 503 628 inveniam
518 570 586 644 quid
601 562 774 641 dieamsnon
788 569 889 626 dotet:

109 675 193 739 atque
207 664 281 722 idem
296 665 382 722 etiam
396 664 523 740 impedit,
538 664 614 740 quod
627 675 657 723 et
670 665 759 722 multa
774 664 889 740 reperit,

107 779 171 834 quae
190 770 277 836 neget
297 761 355 818 ullo
381 760 475 818 modo.
493 779 578 836 posse
604 760 729 832 dissolvi,
749 771 779 818 et
798 778 890 837 genus

107 855 247 915 sermonis
275 855 355 914 affert
381 873 440 913 non
471 855 621 933 liquidum,
648 874 707 912 non
735 855 828 914 susum
855 865 919 914 ao5

106 949 261 1026 profluens,
275 951 325 1008 sed
340 951 423 1021 exile,
439 951 558 1021 aridum,
573 951 731 1022 oouoisum,
746 970 782 1009 ae
799 951 890 1008 minu·

107 1055 184 1104 tum:
219 1048 294 1121 quod
321 1047 345 1104 si
372 1047 435 1121 quis
460 1047 598 1122 probabit,
626 1047 667 1104 ita
692 1046 834 1122 probabit,
858 1057 889 1104 ut

107 1141 213 1200 oratori
236 1152 331 1202 tamen
356 1153 451 1218 aptum
474 1161 531 1200 non
555 1161 618 1200 esse
641 1142 770 1200 fateatur.
816 1142 890 1201 Haeo

106 1238 184 1297 eninr
217 1249 315 1296 nostra
347 1238 438 1296 oratio
473 1237 664 1295 multitudinis
696 1249 740 1295 est
773 1239 889 1297 auribus

108 1334 361 1404 accommodanda,
382 1333 417 1391 ad
437 1334 622 1392 oblectandos
643 1334 761 1405 animos,
783 1334 818 1391 ad
839 1336 889 1392 im·
903 1347 934 1396 1⁰

106 1429 262 1504 pellendos,
288 1429 335 1500 ad,
349 1447 384 1488 ea
409 1429 565 1505 probanda,
589 1448 651 1504 quae
678 1448 735 1487 non
762 1429 888 1488 aurificis

106 1525 221 1596 staterd,
236 1525 285 1583 sed
302 1526 424 1600 quddam
444 1525 574 1602 populari
594 1526 711 1596 trutina,
725 1526 889 1584 examinen-

106 1630 161 1678 tur.
200 1622 301 1684 Quare
315 1622 398 1680 istam
413 1633 501 1679 artem
517 1623 605 1680 totalu
625 1621 810 1694 dimittemus,
824 1641 888 1698 quas

107 1716 136 1774 in
150 1717 348 1794 excogitandis
365 1718 539 1794 argumentis
559 1729 638 1774 muta
657 1718 776 1776 nimium
789 1729 843 1789 est,
857 1717 887 1776 in

102 1813 268 1890 judicandis
294 1814 413 1872 nimium
439 1814 551 1888 loquax.
604 1813 763 1873 Critoli‘tum
791 1813 886 1886 istum,
902 1826 933 1874 15

105 1926 190 1984 quem
204 1909 287 1966 simul
309 1929 373 1966 oum
395 1909 527 1986 Diogene
541 1909 652 1967 venisse
672 1928 887 1981 commemoras,

978 1597 983 1626 l

105 2015 175 2090 puto
195 2005 260 2082 plus
279 2006 346 2063 huiu
366 2006 462 2063 studio
480 2015 579 2062 nostro
597 2004 731 2080 prodesse
744 2006 887 2080 potuisse:

105 2101 257 2159 eratenim
272 2103 307 2159 ab
321 2103 374 2160 isto
388 2102 554 2171 Aristotele,
569 2119 586 2157 a
599 2101 682 2175 eujus
695 2101 817 2158 inventis
835 2101 887 2158 tibi

105 2215 161 2274 ego
187 2197 285 2254 videor
311 2217 369 2256 non
396 2198 481 2274 longe
509 2198 649 2255 aberrare.
690 2196 786 2270 Atque
813 2198 886 2254 inter

105 2293 184 2352 huno
204 2294 397 2365 Aristotelem,
413 2292 508 2369 (eujus
522 2303 550 2350 et
565 2292 643 2349 illum
657 2293 714 2368 legi
727 2293 841 2363 librum,
857 2293 886 2350 ia
900 2304 932 2353 2⁰

106 2392 163 2464 qu'o
176 2389 306 2466 exposuit
325 2389 439 2447 dicendi
461 2399 534 2446 artes
553 2388 680 2445 omnium
700 2388 886 2464 superiorum,

105 2495 134 2542 et
149 2486 221 2556 illos,
236 2485 266 2543 in
289 2486 391 2561 quibus
415 2486 474 2561 ipse
498 2504 551 2544 sua
574 2484 702 2559 quaedam
716 2485 764 2542 -de
786 2484 886 2542 eidem

107 2591 167 2638 arte
187 2581 273 2660 dixit)
295 2591 323 2639 et
344 2581 395 2638 hos
415 2599 566 2658 germanos
587 2580 670 2655 hujus
690 2579 758 2638 artis
784 2581 887 2656 magis·

105 2686 174 2748 tros,
198 2677 254 2734 hoo
280 2677 351 2734 milri
374 2677 464 2734 risum
492 2686 535 2733 est
562 2677 709 2748 interesse,
734 2677 810 2751 quod
838 2676 886 2734 ille

104 2772 207 2830 eddem
235 2773 297 2832 soie
323 2773 436 2843 mentis,
463 2773 519 2847 qud
547 2791 641 2829 rerum
674 2773 802 2830 omnium
829 2772 886 2828 rim
899 2782 931 2831 25

104 2878 293 2944 naturamque
305 2868 423 2939 viderat,
437 2868 498 2926 lraeo
510 2887 624 2943 quoque
642 2867 759 2942 aspexit,
773 2887 836 2942 quae
850 2868 886 2924 ad

103 2963 221 3023 dicendi
249 2975 347 3037 artem,
366 2983 451 3041 quarn
477 2964 526 3022 ille
553 2963 739 3040 despiciebat,
764 2965 888 3038 pertiue-

105 3059 190 3120 haut:
211 3061 253 3121 illi
267 3071 372 3132 autem,
386 3059 434 3136 qui
449 3060 505 3120 hoe
519 3060 612 3119 solum
630 3059 782 3120 colendum
800 3060 888 3118 duee·

343 3155 406 3215 15·
