2167 3567
90 281 118 330 r„
131 283 167 346 r]
379 287 422 340 oe
443 268 608 338 onerose.
884 277 925 338 91

89 453 221 510 quorum
241 436 395 496 erudelitas
415 451 512 498 nostro
539 439 679 517 sanguino
703 456 762 498 non
787 445 882 515 potest

15 587 17 614 ζ
90 532 224 608 expleri:
245 533 333 592 nolite
352 535 445 594 sinere
465 555 518 594 nos
538 537 671 611 ouiquom
691 535 805 608 servire,
824 533 881 592 nisi

15 617 16 628 ³
91 628 181 692 vobis
195 629 344 702 universis,
355 631 458 706 quibus
471 642 499 688 et
512 651 663 707 possumus
676 642 704 689 et
714 630 880 690 debemus.”

91 722 213 780 Omitto
234 725 418 797 “miserias”
440 727 470 786 in
497 728 609 802 quibus,
624 737 656 784 ut
675 726 715 785 illi
736 726 826 797 siunt,
840 725 881 782 vir

95 819 181 878 fortis
202 839 264 878 esse
284 841 341 878 non
362 833 469 898 potest;
491 823 592 881 omitto
606 829 624 855 “
635 822 760 894 Iouoes‚¹’
774 841 811 880 ex
823 821 912 897 qui-5

95 915 156 974 bus
175 927 205 974 te
225 917 296 992 eripi
316 919 367 990 vis,
388 938 424 976 ne
443 919 553 995 judicio
576 919 674 993 iniquo
700 918 882 976 exsorbeatur

95 1013 220 1091 sanguis
247 1024 328 1072 tuus:
362 1013 438 1089 quod
472 1014 593 1090 sapienti
618 1025 725 1091 negant
751 1013 882 1070 occidere

15 1113 16 1118 ’
95 1125 203 1184 posse:
225 1109 384 1167 “servire''
407 1129 483 1181 vero,
504 1129 563 1168 noo
583 1109 668 1168 modo
687 1120 726 1180 te,
746 1109 796 1166 sed
823 1109 883 1166 uni-

15 1181 16 1238 ἶ
97 1223 215 1262 versum
246 1216 385 1278 serratum,
413 1207 495 1283 cujus
527 1217 586 1264 tum
620 1223 735 1264 oausam
769 1204 883 1280 egebas,

98 1319 190 1358 ausus
209 1321 241 1360 es
261 1301 377 1360 dicereI
420 1302 557 1360 Potestne
577 1301 674 1373 virtus,
696 1301 808 1372 Crasse,
828 1308 930 1358 ser-1⁰

96 1393 172 1468 vire,
188 1397 249 1454 istis
269 1398 442 1469 auctoribus,
457 1417 577 1473 quorum
591 1409 623 1455 tu
636 1407 778 1474 precepta
793 1406 885 1455 orato·

99 1489 143 1551 ris
171 1492 306 1568 facultate
333 1493 553 1568 complecteris?
580 1513 643 1568 quae
669 1503 699 1550 et
724 1511 834 1568 semper
856 1500 885 1548 et

99 1588 166 1646 sola
185 1589 274 1652 libera
293 1599 346 1658 est,
367 1607 496 1664 quaeque,
516 1588 629 1646 etiamsi
655 1606 776 1664 oorporo
802 1601 887 1664 cepta

15 1723 16 1726 =
100 1681 161 1742 sirit
183 1683 277 1755 armis,
298 1693 346 1740 eut
367 1683 521 1742 constricta
541 1683 672 1757 uinculis,
692 1695 787 1741 tomen
802 1701 885 1740 suum

99 1777 159 1855 jus,
175 1789 257 1854 atque
277 1778 403 1837 omniurn
425 1798 519 1836 rerum
533 1780 699 1855 impunitam
714 1779 883 1849 libertatem,
901 1790 933 1840 15

15 1911 16 1924 κ
102 1884 202 1933 tenere
222 1875 332 1932 debeat»
372 1875 448 1938 Quae
469 1893 536 1933 vero
558 1875 702 1948 addidisti,
720 1893 780 1932 non
800 1874 885 1931 modo

103 1981 235 2028 senatum
268 1971 373 2028 servire
407 1977 425 2004 “
435 1989 518 2046 posse
528 1971 544 1997 ’'
574 1971 689 2046 populo,
716 1971 766 2028 sed
800 1971 885 2028 etiam

15 2121 16 2130 ,
104 2074 124 2103 “
134 2067 268 2137 debere,”
283 2067 346 2140 quis
367 2068 422 2124 hoo
440 2066 626 2142 philosophus
639 2076 695 2124 tam
711 2066 814 2137 mollis,
828 2076 886 2124 tam

104 2161 269 2238 languidus,
283 2172 339 2220 tam
361 2171 520 2232 enervatus,
541 2172 599 2223 tom
619 2162 715 2218 omnia
735 2162 770 2218 ad
792 2161 887 2236 volup-

105 2268 193 2318 tatem
227 2257 355 2334 corporis
388 2257 573 2332 doloremque
605 2256 740 2327 referens,
767 2257 887 2332 probare
901 2256 934 2308 2⁰

15 2369 16 2384 ¹
105 2364 216 2431 posset3
237 2364 365 2412 senatum
381 2354 485 2412 servire
498 2353 614 2428 populo,
629 2351 676 2408 oui
694 2352 814 2428 populus
828 2351 888 2427 ipse

15 2491 16 2498 κ
106 2449 272 2510 moderandi
286 2460 315 2507 et
328 2450 445 2526 regendi
461 2448 504 2506 sui
520 2457 698 2525 potestatem,
713 2448 793 2524 quasi
807 2468 887 2524 quas·

106 2547 173 2606 dam
186 2545 322 2618 habenas,
336 2546 517 2604 tradidisset?

146 2735 226 2796 LIII.
256 2735 357 2812 Itaque
384 2736 446 2794 haeo
473 2754 544 2794 oum-
568 2755 585 2793 s
610 2745 639 2794 te
664 2735 800 2794 divinitus
832 2753 887 2812 ego

107 2833 186 2892 dioto
199 2833 360 2903 arbitrarer,
374 2832 405 2890 P.
421 2832 551 2890 Rutilius
567 2832 673 2903 Rufos,
688 2832 772 2891 homo
786 2832 887 2890 doetus
902 2832 935 2883 ‘25

108 2940 138 2988 et
156 2929 341 3005 philosophie
361 2928 483 3001 deditus,
502 2947 562 2986 non
583 2927 668 2986 modo
690 2946 790 3002 porum
811 2945 888 2984 oom-

108 3026 203 3103 mode,
217 3027 268 3088 sed
287 3025 373 3104 etism
393 3025 512 3104 turpiter
525 3034 556 3084 et
569 3025 719 3102 flagitiose,
732 3023 811 3087 dioto
825 3041 888 3085 esso
