2167 3567
83 330 154 392 ua]
376 330 418 378 nn
440 330 604 379 cranone

81 479 163 537 nihil
179 480 213 537 de
228 480 380 537 hominnm
399 479 538 552 moribus,
552 480 676 539 nibil'de
687 477 800 537 ratione
815 476 880 537 rite

83 576 238 646 didicisse,
253 575 326 633 nihil
341 576 459 634 omnino
472 576 619 651 quesisse,
632 575 705 634 nihil
723 575 799 633 scire
811 586 880 633 con-

82 672 258 729 vincerent:
280 682 391 729 etcum
410 672 536 729 universi
551 672 581 729 in
595 682 625 731 te
638 672 777 748 impetum
796 671 880 731 secie*

82 777 160 839 sent,
177 777 241 825 tum
261 768 385 845 sing'ulae
397 768 512 827 familia
525 768 606 827 litem
619 768 672 826 tibi
689 767 878 827 intenderent.

81 863 216 922 Instaret
243 865 414 937 Academia,
440 884 513 940 quae,
534 865 673 942 quidquid
699 865 828 937 dixisses,
848 864 909 923 ida

82 960 214 1035 teipsum
247 978 356 1037 negare
390 970 514 1037 cogeret
569 962 663 1020 Stoici
687 980 757 1019 vero
788 960 879 1018 nostri

83 1054 317 1130 disputationum
351 1074 466 1118 suarum
500 1065 586 1130 atque
622 1056 879 1133 interrogationum

84 1150 199 1225 laqueis
221 1161 250 1208 te
270 1150 412 1209 irretitum
433 1162 572 1209 tenerent
626 1151 812 1227 Peripatetici
832 1171 880 1211 au·

84 1256 145 1304 tem
174 1248 264 1305 etiam
296 1249 358 1306 haeo
390 1248 462 1323 ipsu,
490 1268 554 1323 quoe
585 1248 702 1325 propria
733 1258 880 1306 oratorum

85 1353 206 1419 putares
226 1362 289 1401 esse
310 1343 484 1420 adjumenta,
499 1354 584 1419 atque
600 1354 770 1403 ornamenta
782 1344 879 1403 dicen·
893 1350 924 1401 tt

87 1440 127 1510 di,
143 1440 180 1497 ab
195 1459 227 1497 se
240 1440 300 1515 peti
313 1441 462 1498 vincerent
483 1453 630 1515 oportere;
654 1460 688 1499 ac
707 1460 765 1499 nou
785 1441 879 1499 solum

88 1534 220 1607 meliora,
249 1536 300 1593 sed
334 1536 420 1594 etium
453 1538 545 1594 multo
577 1538 660 1612 plura
691 1537 879 1596 Aristotelem

88 1631 380 1707 Theophrastumque
407 1634 444 1691 de
471 1633 516 1690 bis
543 1634 645 1705 rebus,¹
665 1653 751 1708 quum
778 1652 879 1693 omnes

88 1728 207 1785 dicendi
229 1729 389 1805 magistros,
407 1730 556 1805 suscripsie
575 1731 767 1789 ostenderent.
808 1730 880 1789 Mis·

88 1844 134 1882 sos
155 1825 234 1881 facio
258 1826 488 1898 mathematicos,
507 1827 719 1903 grammaticos,
741 1827 877 1900 musicos,
892 1833 924 1883 15

89 1940 211 1997 quorum
226 1923 334 1979 artibus
348 1932 441 1980 vestra
456 1922 509 1979 ista
522 1923 638 1982 dicendi
652 1924 695 1981 vis
707 1940 745 1980 ne
758 1924 879 1981 minimi

90 2018 207 2093 quidem
227 2018 365 2077 societate
385 2019 570 2095 contingitur.
610 2020 809 2082 Quamobrem
824 2020 880 2079 ista

91 2124 179 2185 tanta,
207 2124 322 2189 tamque
357 2115 446 2173 multu
478 2116 649 2191 profitenda,
676 2117 792 2188 Crasse,
819 2134 878 2175 nou

93 2229 207 2268 censeo.
249 2210 326 2268 Satis
341 2210 427 2271 idest
446 2230 593 2289 magnum,
610 2213 687 2286 quod
705 2222 789 2286 potes
807 2231 879 2287 prte-

92 2316 176 2377 stare,
197 2306 281 2363 utin
305 2306 422 2383 judiciis
442 2327 478 2365 ea
498 2326 596 2378 causa,
616 2326 826 2383 quamcumque
846 2318 877 2365 tu
891 2318 924 2369 w

89 2403 174 2474 diois,
189 2402 289 2461 melior
310 2413 339 2461 et
358 2403 533 2480 probabilior
554 2422 617 2461 esse
636 2403 782 2475 videntum
803 2404 879 2464 utin

92 2499 284 2557 concionibus
310 2510 339 2557 et
366 2501 515 2558 sententiis
542 2500 675 2558 dicendis
702 2501 738 2557 ad
764 2520 880 2577 persua·

93 2596 218 2653 dendum
244 2606 295 2653 tua
320 2596 474 2677 plurimum
498 2598 592 2655 valeat
618 2598 726 2669 orutio;
754 2600 879 2675 denique

94 2699 124 2747 ut
139 2690 331 2766 prudentibus
351 2690 466 2762 diserte,
481 2691 576 2749 stultis
595 2692 681 2750 etiam
697 2710 762 2752 vere
781 2694 879 2752 dicere

94 2785 222 2844 ridearis.
264 2785 332 2844 Hoc
357 2787 478 2862 amplius
497 2788 522 2845 si
543 2788 611 2862 quid
631 2790 749 2865 poteris,
769 2805 828 2846 non
849 2788 923 2849 idm

95 2882 162 2941 mihi
181 2881 325 2941 videbitur
346 2893 452 2955 orator,
466 2884 517 2941 sed
538 2884 661 2943 Croesus
680 2886 734 2943 sut
753 2884 878 2960 quddam

94 2980 220 3059 proprii,
230 2998 290 3039 non
304 2980 607 3042 commemoratorum
626 2982 773 3054 facultate,
785 3000 877 3059 possa
