2167 3567
137 297 193 358 152
242 321 245 328 ’
452 311 495 360 oe
516 309 679 360 carrona.
878 310 962 372 [nn.

180 468 211 515 ut
238 456 314 528 belli,
340 456 401 516 sire
427 478 463 517 ex
488 461 621 536 persona,
647 470 679 519 ut
711 457 812 531 laudis,
839 457 899 517 sire
925 477 964 536 err

180 553 380 629 disputatione,
395 565 426 613 ut
440 555 475 612 de
496 557 606 614 ratione
627 557 755 625 virendi3
777 555 806 613 in
820 575 877 630 quo
890 574 961 627 non,

181 659 228 706 aut
255 650 323 724 quid
352 651 458 708 sactum
485 651 530 723 sit,
560 661 608 710 aut
640 652 698 724 liat,
726 651 886 710 futurumve
911 651 960 723 sit,

179 755 328 820 quaeratur,
345 758 393 804 aut
405 747 488 821 quale
502 748 548 819 sit,
565 759 612 806 aut
625 748 693 822 quid
707 759 832 806 vocetur.

144 943 164 992 d
217 936 314 995 XXV.
347 939 394 996 Ac
417 949 521 998 nostre
545 939 604 997 fere
628 958 731 1011 cause,
755 959 819 1016 que
844 940 961 1015 quidem

178 1044 245 1095 sunt
278 1034 440 1108 criminum,
466 1036 632 1111 plerumque
659 1036 848 1100 inficiatione,
864 1031 961 1094 desen·

179 1129 293 1187 duntur.
347 1130 423 1207 Nam
444 1141 473 1188 et
493 1131 529 1188 de
548 1132 680 1207 pecuniis
702 1132 875 1207 repetundis,
896 1145 982 1207 quaev

178 1226 308 1284 maximae
330 1236 405 1297 sunt,
426 1228 558 1304 neganda
578 1228 636 1284 fere
656 1239 723 1284 sunt
741 1227 854 1285 omnia:
874 1228 961 1285 etde

179 1323 286 1380 ambitu
310 1341 374 1379 raro
397 1323 467 1381 illud
490 1323 628 1395 datur,·ut
647 1323 739 1399 possis
761 1324 960 1381 liberalitatem

132 1429 163 1478 10
179 1437 213 1476 ao
247 1418 451 1495 benignitatem
485 1420 521 1476 ab
551 1419 658 1476 ambitu
691 1429 775 1493 atque
806 1418 960 1496 largitione

177 1515 345 1590 sejungere:
366 1513 402 1570 de
416 1513 536 1585 sicariis,
548 1515 584 1570 de
598 1513 753 1585 veneficiis,
764 1514 801 1570 de
813 1514 960 1590 peculatu,

178 1609 300 1666 inficiari
321 1627 438 1666 necesse
459 1620 508 1666 est.
555 1609 590 1667 Id
609 1621 653 1667 est
674 1610 760 1686 igitur
786 1629 878 1686 genus
902 1610 961 1686 pri·

178 1723 256 1762 mum
276 1723 425 1762 causarum
441 1705 469 1762 iu
481 1704 608 1781 judiciis,
621 1723 656 1761 ex
671 1705 865 1762 controversia
880 1705 958 1764 facti.

178 1800 213 1858 In
240 1800 493 1858 deliberationibus
520 1801 685 1876 plerumque
711 1820 747 1858 ex
772 1797 870 1872 sutori,
894 1819 987 1874 raro,

131 1903 163 1952 15
177 1897 263 1954 etiam
285 1916 320 1954 ex
342 1896 473 1954 instantis
495 1908 544 1954 aut
565 1896 641 1954 sacti.
690 1897 773 1972 Saepe
797 1907 892 1954 autem
913 1915 960 1956 res

177 2011 246 2063 non,
261 1993 307 2064 sit,
323 2012 424 2064 neone,
439 1993 601 2068 sedqualis
614 1993 660 2064 sit,
674 1993 824 2069 quaeritur3
846 2003 877 2050 ut
891 2012 959 2050 curn

176 2088 212 2146 L,
237 2088 344 2165 Opimii
370 2109 486 2148 causam
515 2089 684 2147 defendebat
711 2089 786 2165 apud
811 2090 958 2164 populum,

178 2185 310 2244 audiente
331 2205 386 2258 rue,
402 2186 435 2244 C.
451 2187 547 2243 Carbo
563 2185 673 2257 consul,
688 2185 758 2242 nihil
772 2185 809 2242 de
823 2185 856 2242 C.
871 2186 960 2243 Grac·

177 2281 224 2338 obi
239 2301 311 2340 nece
324 2283 462 2360 negabat;
480 2283 533 2339 scd
549 2281 577 2339 id
590 2282 665 2358 jure,
679 2300 732 2357 pro
745 2282 835 2338 salute
848 2283 957 2356 patrie,

128 2371 161 2421 2⁰
177 2379 283 2435 sactum
304 2397 366 2436 esse
387 2379 518 2436 dicebat:
539 2388 571 2435 ut
584 2378 676 2435 eidem
698 2377 825 2434 Carboni
845 2377 960 2436 tribuno

175 2473 276 2549 plebis,
292 2474 348 2531 alia
367 2484 427 2530 tum
449 2485 545 2530 mente
564 2474 767 2550 rempublicam
781 2473 957 2548 capessenti,

176 2568 208 2626 P.
230 2568 385 2627 Africanus
409 2570 444 2626 dc
467 2569 516 2627 Ti.
537 2569 672 2628 Graccho
698 2569 895 2646 interroganti,
916 2588 959 2626 re·

175 2665 337 2740 sponderat,
368 2665 432 2741 jure
466 2683 572 2723 cresum
605 2664 702 2722 videri.
758 2663 830 2724 Jure
863 2675 958 2724 autem

175 2760 272 2818 omnia
295 2760 496 2832 defenduntur,
520 2779 583 2835 qnae
606 2770 672 2818 sunt
694 2760 757 2836 ejus
778 2761 902 2838 generis,
926 2772 958 2820 ut

128 2863 161 2912 25
177 2865 225 2914 aut
244 2857 410 2931 oportuerit,
433 2866 481 2915 aut
501 2855 626 2929 licuerit,
647 2866 696 2913 aut
717 2875 837 2931 necesse
861 2857 957 2929 fuerit,

177 2961 225 3010 aut
245 2951 446 3028 imprudentia,
461 2961 511 3008 aut
531 2969 609 3022 casu,
624 2951 701 3009 lacta
719 2971 781 3009 esse
798 2951 956 3010 rideantur.

176 3046 242 3104 lam
268 3047 335 3124 quid
363 3059 490 3120 vocetur,
516 3047 662 3124 queritur,
688 3067 765 3122 cum,
788 3066 846 3125 quo
872 3047 958 3107 verbo
