2167 3567
94 332 172 393 nn]
248 388 250 395 ¹
302 396 305 401 Ι
386 330 429 378 nn
451 327 614 379 onnnonn.
894 313 935 375 tt

96 467 266 557 quanquam
284 479 454 538 moderabor
468 480 538 555 ipse,
551 444 599 550 ire,
613 488 646 537 nt
658 476 773 555 qnidam
786 477 888 555 magis·

97 587 148 634 ter
171 587 253 651 atque
281 576 392 648 artifex,
412 577 461 633 sed
489 576 570 651 quasi
596 594 670 633 unus
689 595 706 633 a
725 585 888 651 togatorum

96 691 235 745 numero,
259 684 343 748 atque
363 692 398 730 ex
418 672 524 731 forensi
545 689 597 729 usu
618 672 704 728 homo
724 670 887 741 mediocris,

96 788 198 844 nequo
220 770 338 827 omnino
359 770 447 840 rudis,
462 769 568 838 videar,
584 786 643 826 non
664 768 726 843 ipse
745 768 851 843 aliquid
872 785 889 825 a

97 885 147 923 rne
176 866 339 943 promisse,
367 866 416 921 sed
445 865 561 922 fortuito
587 864 615 921 in
643 882 802 921 sermonem
829 868 920 921 ves-5

97 972 178 1019 trum
201 962 346 1019 incidisse.
388 961 538 1037 Equidem,
554 978 620 1017 eum
640 971 766 1034 peterem
787 960 889 1035 magis-

98 1068 222 1128 tratum,
244 1058 371 1115 solebam
399 1058 429 1114 in
454 1056 618 1132 prensando
637 1056 782 1112 dimittere
805 1074 821 1111 a
842 1073 889 1111 me

100 1154 275 1225 Scaevolam,
297 1172 363 1211 eum
390 1154 416 1211 ei
438 1154 477 1211 ita
503 1153 640 1222 dicerem,
661 1151 800 1207 metelle
825 1168 889 1207 esse

101 1250 252 1325 ineptum:
286 1250 315 1306 id
342 1260 403 1306 erat
429 1259 526 1325 petere
551 1248 697 1315 blandius3
731 1245 806 1320 quod
833 1246 889 1304 nisi

102 1347 202 1422 inepte
233 1346 323 1417 fieret,
351 1347 425 1403 bene
459 1364 515 1402 non
548 1354 644 1419 posset
675 1342 746 1399 iieri.
801 1342 889 1400 Hune
904 1344 935 1395 10

103 1453 201 1501 autern
229 1460 291 1500 esse
318 1460 406 1499 unum
435 1441 580 1497 hominem
605 1460 644 1497 ex.
667 1439 809 1509 omnibus,
832 1456 889 1513 quo

102 1548 244 1617 praesente
258 1557 312 1615 ego
328 1538 438 1614 ineptus
452 1556 513 1596 esse
527 1536 652 1593 ‘minime
666 1535 783 1591 veliem:
804 1553 888 1610 quem

104 1635 222 1711 quidem
256 1652 335 1691 nune
368 1652 494 1691 mearum
527 1632 696 1707 ineptiarum
730 1641 831 1687 testem
860 1639 890 1687 et

104 1739 296 1807 spectatorem
320 1729 433 1787 fortuna
454 1727 609 1786 constitnit.
658 1725 734 1784 Nam
756 1727 824 1802 quid
846 1736 890 1785 est

105 1827 241 1902 ineptius,
263 1846 346 1901 quam
368 1826 403 1883 de
424 1824 547 1882 dicendo
566 1824 677 1894 dicare3
706 1842 771 1880 eum
796 1823 888 1898 ipsum
904 1827 935 1876 15

105 1923 198 1981 dicere
217 1941 362 1997 nunqnam
384 1922 420 1979 sit
440 1939 497 1977 non
522 1921 661 1995 ineptum,
681 1920 737 1977 nisi
760 1938 826 1977 eum
845 1929 890 1977 est

106 2018 321 2076 neeessarirrmi
367 2018 458 2093 Perge
478 2034 556 2086 vero,
576 2016 690 2087 Crasse,
712 2015 804 2089 inquit
825 2014 890 2072 Mu·

107 2115 179 2173 eius.
233 2113 321 2171 Istam
345 2114 421 2172 enirn
448 2113 573 2190 eulpam,
593 2130 678 2186 quam
698 2112 813 2183 vereris,
833 2129 889 2187 ego

108 2211 257 2289 praestabo.

146 2403 244 2461 XXV.
266 2403 317 2460 Sic
331 2402 427 2479 igitur,
443 2402 534 2477 inquit
548 2403 679 2473 Crassus,
693 2401 795 2472 sentio,
810 2411 890 2459 natu·
901 2405 934 2455 ΞΟ

109 2518 167 2557 ram
188 2499 320 2575 primum,
337 2510 421 2573 atque
442 2498 588 2575 ingenium
610 2499 645 2555 ad
665 2498 818 2555 dicendum
833 2497 890 2553 virn

111 2596 210 2652 afferre
230 2594 398 2651 maximam:
426 2612 520 2668 neque
544 2612 612 2650 vero
632 2592 704 2665 istis,
725 2592 761 2649 de
787 2592 891 2667 quibas

109 2691 193 2766 panio
221 2701 286 2748 ante
312 2691 383 2747 dixit
411 2690 565 2760 Antonius,
593 2690 779 2765 scriptoribus
812 2689 890 2759 artis,

109 2787 248 2845 rationem
261 2787 377 2844 dicendi
392 2797 421 2843 et
434 2787 518 2858 viam,
533 2786 583 2844 sed
604 2798 733 2848 naturam
754 2784 888 2843 defuisse.

111 2882 184 2941 Nam
213 2894 241 2939 et
269 2882 356 2941 animi
384 2892 468 2958 atque
496 2882 604 2959 ingenii
633 2882 743 2940 celeres
774 2879 889 2955 quidam
902 2883 935 2933 25

111 2990 203 3037 motus
230 2996 292 3036 esse
320 2979 436 3049 debent,
463 2978 512 3053 qui
539 2989 568 3035 et
602 2979 636 3035 ad
670 2975 892 3052 excogitandum

113 3075 196 3148 anati,
223 3083 253 3133 et
284 3074 320 3133 ad
352 3072 553 3151 explicandum
585 3073 802 3147 ornandumque
835 3070 892 3129 sint
