2167 3567
96 289 165 353 un]
391 288 434 343 nn
455 294 619 345 urrunnu.
901 288 944 349 65

92 454 123 500 tn
138 443 203 501 hoc
219 444 307 503 nobis
321 446 367 518 da,
382 447 527 519 Seaev01a3
549 458 579 505 et
591 447 707 525 perfice,
722 459 754 506 ut
773 446 896 507 Crassus

92 537 171 611 haen,
200 560 269 616 qun
298 545 455 601 coaretavit
478 554 506 601 et
529 555 702 621 peranguste
729 544 841 603 refersit
864 546 894 603 in

17 656 18 667 ¹
90 636 237 695 oratione
251 639 315 711 sui,
328 639 430 697 dilatet
450 640 532 698 nobis
549 651 635 716 atque
647 641 778 717 explicet
829 642 895 720 Ego

15 715 16 741 ¹
90 732 283 805 mehercule,
305 736 396 811 inquit
423 735 552 809 Munius,
573 747 658 795 antea
683 738 777 795 vestri
803 739 895 816 magis

90 828 149 885 hoe
173 830 273 887 nansi
294 832 433 902 volebam,
454 852 539 908 qnam
560 833 633 891 mei.
686 833 791 909 Neque
816 836 925 893 enimn

87 934 256 1002 tantopere
271 928 347 986 hano
362 948 378 985 s
393 929 498 987 Crasso
512 930 735 1005 disputationem
751 931 894 989 desidera·

88 1020 173 1093 bam,
198 1034 382 1100 quantopere
402 1025 464 1102 ejus
484 1025 514 1085 in
535 1026 632 1084 nausis
650 1026 780 1085 oratioue
800 1027 894 1085 delen·

87 1126 157 1175 τοτε
197 1138 283 1177 nune
315 1138 392 1193 vero,
419 1120 534 1193 Crasse,
562 1121 627 1179 mei
660 1140 774 1196 quoque
806 1122 893 1179 etiam

90 1215 189 1271 nausti
214 1234 297 1292 rogo,
318 1226 349 1274 ut
369 1218 503 1292 quoniam
530 1228 642 1275 tanturn
669 1218 808 1276 habemus
830 1218 892 1291 otii,
982 1230 988 1238 “

89 1322 243 1385 quantum
262 1312 372 1389 jamdiu
394 1314 476 1371 nobis
496 1333 554 1371 nou
571 1314 702 1391 contigit,
716 1332 755 1371 ns
768 1314 894 1390 graveris
908 1323 940 1373 1⁰

10 1448 11 1465 r
91 1407 287 1465 exaedifioars
307 1408 337 1465 id
357 1428 438 1485 opus,
460 1409 537 1484 quod
559 1409 716 1468 instituisti.
757 1409 892 1468 Formam

87 1501 177 1559 enim
195 1503 288 1561 totius
301 1504 410 1580 negotii
424 1504 563 1579 opinione
574 1505 722 1582 majorem,
733 1504 893 1567 meliorem·

94 1605 153 1673 que
169 1599 261 1658 video
269 1620 277 1671 ;
299 1618 383 1674 quarn
395 1600 581 1669 vehementer
594 1602 693 1679 probo.

10 1759 13 1871 i
134 1786 290 1852 xxxvl.
318 1794 483 1867 Enimuero,
510 1794 603 1869 inquit
635 1794 768 1867 Crassus,
795 1795 891 1853 mirari

10 1898 12 1934 ἓ
90 1889 169 1945 satis
185 1908 247 1945 nen
262 1908 346 1964 queo,
361 1890 446 1947 etium
460 1900 489 1947 te
510 1890 582 1961 has,
597 1891 735 1962 Sournis,
750 1892 893 1949 desidera·
907 1902 939 1951 15

11 2029 14 2038 .
38 2030 47 2037 .
96 2004 138 2057 re,
165 2004 233 2061 quae
260 2004 353 2061 neque
377 2004 432 2063 ego
455 1997 552 2058 tense,
576 1987 618 2044 uti
641 1987 672 2059 ii,
696 1987 745 2063 qui
770 1988 889 2058 doeent3

9 2066 11 2112 ¹
95 2100 199 2157 neque
219 2092 286 2139 sunt
303 2082 367 2158 ejus
387 2083 510 2159 generis,
523 2082 605 2153 und
625 2083 733 2158 optime
753 2092 889 2153 tenerem,
963 2105 967 2113 ¹

9 2213 11 2266 3
94 2177 194 2255 digna
227 2188 323 2235 essent
356 2178 411 2235 ists
445 2179 585 2254 sapientii
613 2198 647 2235 ac
675 2178 732 2236 tuis
766 2180 890 2237 auribus.

10 2300 11 2305 ¹
97 2273 172 2332 Ain’
189 2276 242 2332 tui
263 2274 424 2349 inquitiiie.
477 2274 636 2333 §insistis
649 2275 892 2331 communibuset

9 2373 12 2490 J
97 2369 268 2447 pervagatis
297 2371 344 2427 ris
378 2370 447 2428 huie
480 2371 557 2429 retati
591 2370 765 2428 audiendum
797 2382 890 2445 putas,
906 2382 938 2432 w

10 2492 11 2499 κ
97 2466 231 2525 etiamne
252 2466 300 2524 iila
316 2466 465 2544 negligere
485 2486 721 2543 possumusque
736 2477 768 2526 tu
785 2467 892 2525 oratori

101 2563 309 2639 ongnosoenda
328 2582 391 2621 esse
412 2563 519 2634 dixisti,
537 2563 577 2619 rie
594 2564 705 2621 naturis
731 2564 891 2636 hominum,

92 2654 138 2713 'ds
161 2659 300 2730 moribus,
316 2660 353 2717 de
373 2659 533 2717 rationibus
553 2659 599 2731 iis,
620 2660 723 2735 quibus
743 2660 892 2722 hominum

102 2765 217 2813 mentes
250 2765 279 2812 et
313 2754 501 2813 incitarentur
533 2764 563 2812 st
592 2756 826 2832 reprimerentur,
855 2757 892 2813 de

102 2850 235 2924 historin,
257 2852 292 2909 de
314 2851 492 2926 antiquitate,
513 2851 550 2909 de
570 2852 816 2911 administratione
839 2853 893 2910 rei·
906 2865 939 2915 25

10 2967 11 2973 ¹
102 2948 238 3023 publicae,
266 2948 391 3023 denique
416 2949 453 3006 de
479 2959 579 3007 nostro
605 2949 668 3025 ipso
697 2949 762 3026 jure
793 2948 891 3007 eirilii

104 3043 192 3105 Hane
219 3043 297 3105 enim
324 3063 379 3121 ego
405 3062 520 3105 omnem
536 3045 704 3119 ,scientim
725 3056 756 3104 et
775 3044 892 3123 sopiam

339 3142 359 3199 6
370 3140 388 3177 0
