2167 3567
105 325 181 386 ur]
394 326 437 375 nn
459 326 623 375 onaronc.
908 316 945 377 lt

105 486 172 533 tarn
186 494 271 551 porro
285 477 407 554 regium,
421 490 480 536 tam
499 479 629 549 liberale,
642 488 702 535 tam
718 476 898 547 munificum,

109 590 199 645 quam
218 591 303 648 opem
324 574 397 631 serre
417 575 603 650 supplicibus,
622 575 748 632 excitare
768 574 898 644 afflictor,

106 668 181 725 dare
202 669 335 741 salutern,
355 670 477 727 liberare
497 671 644 746 periculis,
664 671 789 727 retinere
810 670 900 728 borni·

105 782 162 821 nes
178 764 208 821 in
223 765 360 823 civitate?
399 766 481 828 Quid
503 777 598 825 autem
618 778 677 824 tarn
692 766 898 837 neceesarium,

104 879 196 935 qnam
223 871 323 918 tenere
350 881 461 937 semper
489 881 576 933 arma,
604 863 708 937 quibua
734 862 778 920 rel
804 868 929 920 tectua5

104 955 171 1031 ipse
191 976 255 1013 esse
276 958 378 1033 possis,
394 959 438 1015 vel
459 977 616 1035 provocare
635 959 790 1034 improbos,
804 958 849 1015 vel
869 969 899 1015 te

104 1053 214 1109 ulcisci
235 1055 405 1113 lacessitusl
445 1054 511 1131 Age
525 1072 603 1125 vcro,
617 1073 656 1111 ne
668 1073 779 1129 semper
793 1054 898 1126 forum,

104 1149 257 1221 subsellia,
271 1161 373 1221 rostra,
394 1151 563 1225 curiamque
583 1150 732 1221 meditere,
746 1150 815 1224 quid
835 1168 899 1206 eene

104 1255 204 1321 potest
219 1246 249 1302 in
263 1247 323 1303 otio
337 1256 386 1305 ant
403 1247 570 1322 jucundius,
585 1257 635 1303 aut
648 1247 741 1323 magia
753 1246 898 1322 proprium

105 1341 307 1413 humanitatis,
322 1362 408 1417 quarn
428 1362 523 1401 sermo
543 1343 654 1400 facetus
674 1362 710 1400 ac
728 1341 808 1400 nulli
822 1342 898 1399 inre
912 1350 943 1399 lo

106 1437 209 1497 rudiel
258 1438 326 1495 Hoc
346 1440 424 1496 enim
444 1458 504 1496 uno
522 1451 690 1515 praestamus
709 1438 753 1495 vel
774 1439 897 1497 maxime

108 1534 188 1605 feris,
209 1535 285 1610 quod
313 1536 500 1611 colloquimur
527 1536 602 1593 inter
622 1554 686 1607 nos,
706 1545 736 1592 et
754 1535 830 1610 quod
850 1554 898 1592 ex·

106 1631 233 1706 primere
253 1630 378 1687 dicendo
398 1650 483 1687 aenea
497 1650 657 1705 possumne.
697 1630 897 1692 Quamobrem

107 1726 173 1801 quis
202 1727 258 1783 boc
285 1745 343 1783 non
368 1727 432 1803 jure
458 1726 587 1798 miretur,
614 1745 781 1802 summeque
808 1726 839 1783 in
862 1745 898 1783 eo

106 1822 314 1880 elaborandum
335 1838 398 1879 esse
419 1822 580 1895 arbitretur,
594 1833 636 1891 ut,
650 1842 708 1898 quo
728 1842 787 1881 uno
807 1822 897 1879 homi·
911 1833 942 1882 15

106 1934 161 1975 nes
178 1919 304 1976 maxime
324 1919 423 1976 bestiis
442 1930 587 1995 praestent,
606 1920 637 1977 in
657 1919 713 1977 boo
732 1919 896 1976 horninibus

108 2014 179 2089 ipsis
204 2014 376 2071 antecellatl
409 2014 448 2071 Ut
472 2033 538 2072 vcro
562 2015 622 2091 jam
649 2014 686 2072 ad
713 2016 762 2072 illa
784 2033 896 2072 eumma

110 2111 273 2179 veniamus;
307 2129 370 2184 quae
396 2111 439 2167 vis
466 2111 523 2168 elia
554 2112 648 2186 potuit
679 2121 728 2168 ont
753 2112 896 2187 dispersos

110 2206 241 2264 homines
261 2226 350 2263 unum
370 2207 401 2263 in
421 2207 517 2263 locum
539 2224 726 2282 congregare,
741 2217 791 2262 aut
805 2226 822 2263 a
834 2206 896 2262 sera

109 2304 271 2379 agrestique
288 2302 346 2360 vird
368 2303 403 2359 ad
424 2302 502 2359 hunc
523 2302 679 2359 humanum
700 2301 808 2357 cultum
828 2300 897 2357 civi·
909 2312 941 2361 2⁰

107 2400 221 2473 lemque
249 2398 403 2469 deducere,
426 2408 483 2470 aut,
508 2397 568 2474 jam
589 2396 754 2455 constitutis
774 2396 897 2455 civitati·

107 2496 171 2566 bue,
192 2495 281 2571 leges,
306 2494 426 2571 judicia,
451 2494 517 2572 jura
542 2494 728 2552 describeret
778 2494 835 2567 Ac,
857 2513 895 2552 oe

106 2592 199 2668 plura,
214 2610 277 2665 que
297 2600 364 2649 sunt
383 2610 465 2666 paene
485 2591 716 2662 innumerabilia,
732 2602 894 2663 consecter,

108 2687 350 2764 comprehendam
370 2688 465 2758 brevi3
486 2688 529 2745 sic
549 2689 627 2745 eninr
647 2698 752 2759 metuo,
772 2687 896 2764 perfecti

108 2784 229 2841 oratorie
255 2782 452 2841 moderatione
479 2793 508 2841 et
535 2784 676 2859 sapientid
709 2803 768 2841 non
802 2781 894 2839 eolunr
907 2796 940 2845 κ)

108 2880 196 2956 ipsine
212 2879 393 2957 dignitatem,
407 2880 459 2937 aed
472 2890 501 2937 et
513 2880 687 2956 privatorum
706 2879 895 2956 plurimorum

107 2986 136 3033 et
155 2976 297 3034 universe
316 2976 482 3053 reipublice
509 2977 631 3035 salutem
655 2976 782 3035 maxime
803 2974 896 3033 conti·

107 3073 176 3131 neri.
231 3072 432 3134 Quamobrem
457 3074 579 3152 pergite,
598 3082 632 3131 ut
658 3072 763 3144 saccis,
785 3070 895 3131 adoler-
