2167 3567
113 330 190 391 nn]
402 330 445 379 un
467 329 630 378 carrona
909 320 951 382 t!

116 480 264 557 ignarum,
284 480 388 555 quibus
414 498 449 539 ea
474 480 560 538 rebus
586 487 819 555 consequeretur,
841 496 905 553 qua

121 587 240 653 negaret
267 577 316 635 ille
342 577 405 635 sine
430 576 612 653 philosophia
637 594 808 653 quemquam
830 576 906 633 scire

118 692 210 748 posse.

157 867 232 924 XX.
261 866 340 924 Huic
367 868 414 925 ille
440 867 641 942 respondebat,
661 885 718 925 non
738 884 769 924 se
789 882 904 943 negare,

116 962 348 1021 Demosthenem
374 982 514 1021 summam
540 964 731 1039 prudentiam,
754 967 936 1021 summam-⁵

117 1079 178 1134 que
202 1060 260 1117 vim
287 1060 420 1117 habuisse
448 1059 581 1117 dicendi:
612 1059 663 1117 sed
689 1059 748 1116 sire
775 1058 823 1116 ille
849 1058 906 1116 hoc

119 1156 242 1233 ingenio
260 1157 410 1232 potuisset,
425 1156 483 1215 sive
505 1156 548 1233 (id
569 1156 645 1231 quod
666 1156 823 1233 constaret)
844 1154 907 1212 Pla·

119 1253 199 1310 tonis
220 1254 365 1309 studiosus
386 1252 520 1311 audiendi
545 1253 659 1323 fuisset3
682 1271 750 1323 non,
770 1251 838 1327 quid
859 1250 907 1308 ille

118 1349 271 1424 potuisset,
291 1349 341 1407 sed
362 1348 430 1425 quid
454 1348 500 1406 isti
528 1349 674 1420 docerent,
694 1368 758 1406 esse
780 1366 907 1424 quaeren-

120 1445 200 1503 dum,
255 1446 339 1521 Saepe
366 1446 451 1503 etiam
480 1446 509 1502 in
537 1464 600 1504 eam
627 1455 735 1523 partem
764 1445 906 1503 ferebatur
922 1456 953 1507 lo

117 1540 265 1612 oratione,
285 1552 317 1600 ut
344 1542 472 1613 omniuo,
496 1542 662 1617 disputaret,
682 1541 790 1599 nullam
818 1550 907 1598 artem

116 1656 186 1695 esse
207 1637 339 1695 dicendi:
367 1638 452 1714 idque
473 1656 539 1695 cum
551 1638 736 1714 'argumentis
759 1638 905 1709 docuerat,

120 1734 201 1809 quod
223 1734 264 1799 ita
286 1734 346 1792 nati
372 1752 509 1806 essemus,
530 1745 562 1791 ut
585 1744 614 1791 et
641 1734 773 1805 blandiri,
794 1745 823 1791 et
841 1735 907 1809 sup·

120 1831 238 1907 pliciter
259 1831 402 1889 insinuare
423 1831 467 1902 iis,
490 1830 630 1905 aquibus
649 1841 724 1888 esset
741 1830 897 1907 petendum

120 1938 154 1985 et
182 1926 357 1985 adversarios
383 1927 533 1985 minaciter
560 1937 666 1985 terrere
695 1944 852 2002 possemus,
879 1935 909 1983 et
923 1937 954 1985 15

122 2044 185 2081 rem
207 2034 315 2101 gestam
332 2042 482 2099 exponere,
497 2033 526 2079 et
539 2023 579 2093 id,
593 2024 669 2097 quod
686 2023 907 2093 intenderemus,

123 2121 305 2192 confirmare,
327 2129 356 2177 et
375 2120 415 2189 id,
436 2119 512 2193 quod
534 2118 806 2189 contradiceretur,
827 2118 910 2175 resel-

123 2217 195 2287 lere,
216 2225 245 2272 et
266 2216 301 2272 ad
322 2226 476 2273 extremum
499 2214 645 2290 deprecari
667 2212 782 2287 aliquid,
797 2222 825 2269 et
841 2232 909 2269 con·

123 2312 223 2387 queri3
245 2312 349 2387 quibus
365 2311 394 2368 in
408 2312 494 2367 rebus
514 2309 608 2367 omnis
627 2319 767 2365 oratorum
787 2326 909 2366 versare·

121 2419 171 2466 tur
193 2408 330 2465 facultas:
351 2416 379 2463 et
393 2406 467 2480 quod
482 2404 671 2475 consuetudo,
688 2403 908 2480 exercitatioque
922 2416 954 2466 ἢ)

124 2515 154 2561 et
175 2502 354 2579 intelligendi
374 2501 556 2578 prudentiam
577 2509 701 2572 acueret,
715 2510 745 2557 et
757 2500 908 2577 eloquendi

125 2601 302 2658 celeritatem
331 2599 479 2657 incitaret:
513 2608 573 2655 tum
601 2597 687 2655 etiam
714 2599 907 2674 exemplorum

126 2698 210 2773 copiis
237 2695 388 2753 nitebatur.
443 2694 519 2751 Nam
547 2695 681 2770 primum,
704 2695 785 2769 quasi
811 2694 909 2751 dedita

125 2794 224 2869 operta,
243 2792 387 2849 neminem
409 2791 575 2866 scriptorem
598 2791 664 2848 artis
678 2810 714 2849 ne
728 2789 909 2848 mediocriter

125 2890 243 2965 quidem
264 2887 400 2945 disertum
422 2887 508 2944 luisse
532 2887 657 2955 dicebat,
678 2906 743 2945 cum
770 2895 909 2962 repeteret
922 2900 955 2951 π

125 3004 217 3063 usque
232 3004 249 3043 a
262 2985 384 3058 Corace,
401 2983 500 3042 nescio
513 3002 579 3061 quo,
594 2994 623 3041 et
642 2983 736 3056 Tisii,
750 3000 821 3059 quos
842 2982 910 3042 artis
