2167 3567
135 307 176 368 98
454 316 496 364 ou
517 315 680 364 citemus
887 314 958 376 [ma

181 475 233 534 ter,
252 463 336 523 homo
360 462 557 537 peritissimus,
577 462 754 537 confirmare,
773 463 814 522 ita
839 481 871 521 se
896 481 960 521 rem

181 560 294 630 habere,
310 570 340 616 ut
354 560 560 635 respondisset3
581 579 636 617 nec
656 559 773 617 dubium
788 579 851 618 esse
863 577 958 635 posse.

180 655 273 712 Galba
292 665 395 724 autem,
416 655 544 712 alludens
565 655 641 712 varie
660 666 688 712 ct
709 655 834 730 copiose,
854 655 959 712 multas

180 750 379 806 similitudines
393 751 501 821 afferre,
517 750 660 825 multaque
679 769 731 826 pro
745 751 876 826 equitate
889 769 960 808 cors·

150 857 167 906 5
181 857 223 904 tra
240 847 287 921 jus
306 846 419 904 dicere;
441 857 523 922 atque
544 846 633 918 illum,
648 865 715 904 cum
728 846 894 904 disserendo
906 864 958 922 par

179 959 241 1000 esse
261 960 319 1000 non
339 953 434 1017 posset
455 941 629 1018 (quanquam
650 942 703 1000 suit
722 942 843 1000 Crassus
862 942 892 1000 in
906 962 959 1000 no·

180 1055 258 1098 mero
278 1038 455 1109 disertorum,
477 1038 527 1094 sed
546 1056 597 1113 par
619 1038 718 1096 Galbae
743 1037 823 1096 nullo
844 1039 956 1118 modo),

179 1134 216 1191 ad
237 1144 364 1192 auctores
386 1133 557 1210 confugisse,
571 1144 599 1191 et
620 1133 659 1204 id,
673 1133 746 1210 qood
764 1134 823 1210 ipse
837 1133 957 1204 diceret,

179 1240 208 1288 ct
222 1230 251 1288 in
265 1229 296 1288 P.
312 1229 413 1301 Mucii,
429 1230 519 1289 fratris
539 1230 594 1302 sui,
608 1230 696 1299 libris,
711 1242 740 1288 et
759 1230 788 1288 io
805 1231 870 1288 Sem
885 1230 957 1289 AElii

135 1339 165 1389 10
180 1325 401 1396 commentariis,
434 1326 570 1400 scriptum
602 1326 762 1402 protulisse,
795 1345 829 1384 sc
860 1336 956 1384 tamen

179 1424 366 1494 concessisse,
386 1421 485 1480 Gelbae
513 1422 732 1499 disputationem
752 1423 806 1480 sibi
825 1421 957 1499 probabi·

178 1520 234 1578 lem
248 1530 276 1578 et
289 1538 373 1595 prope
388 1537 481 1576 veram
496 1519 592 1576 videri.

217 1709 308 1768 LVII.
339 1711 485 1783 Attamen,
498 1730 560 1786 quae
574 1728 668 1768 causae
681 1721 748 1769 sunt
761 1710 911 1787 ejusmodi,
925 1720 957 1769 ut

178 1805 214 1862 de
234 1824 330 1864 earum
348 1807 411 1883 jure
431 1807 547 1864 dubium
569 1826 631 1864 esse
650 1826 707 1865 non
727 1808 825 1882 possit,
839 1807 957 1866 omniuo

135 1911 164 1960 15
179 1901 208 1959 in
226 1902 365 1978 judicium
386 1903 481 1961 vocari
502 1923 559 1960 non
583 1903 683 1961 solent.
736 1903 816 1960 Num
836 1904 899 1978 quis
919 1922 956 1962 co

177 2009 357 2069 testamento,
377 1999 451 2074 quod
472 1999 674 2075 paterfamilias
694 2010 760 2057 ante
781 1999 858 2070 lecit,
871 2019 956 2075 quam

177 2096 204 2151 ei
226 2095 300 2152 lilius
320 2105 403 2152 natus
423 2105 507 2166 esset,
528 2094 715 2153 hereditatem
734 2097 823 2171 petitl
853 2114 955 2159 nemo:

178 2190 244 2266 quis
271 2201 392 2260 constat,
420 2191 601 2267 agnascendo
627 2188 720 2266 rumpi
747 2200 954 2250 testamentum.

178 2285 256 2364 Ergo
283 2287 312 2344 in
340 2287 395 2345 hoc
422 2305 527 2363 genere
551 2285 623 2362 juris
646 2285 756 2362 judicia
776 2286 855 2344 ntrlls
880 2297 955 2348 sunt.

131 2391 163 2443 20
177 2382 260 2440 Licet
280 2383 366 2460 igitur
385 2383 500 2458 impune
514 2382 620 2440 oratori
632 2401 746 2440 omnem
759 2383 835 2440 hanc
847 2393 955 2459 partem

175 2479 246 2554 juris
275 2477 506 2558 [incontrorersi]
533 2478 676 2554 ignorare,
702 2497 764 2553 que
797 2497 863 2554 pars
894 2477 956 2537 sins

177 2573 265 2632 dubio
278 2575 367 2634 multo
382 2574 504 2632 maxima
518 2584 577 2630 est:
599 2574 627 2632 in
641 2591 677 2631 eo
691 2584 785 2632 autem
796 2575 870 2651 jure,
881 2575 955 2650 quod

178 2669 329 2747 ambigitur
354 2671 427 2729 inter
453 2671 648 2746 peritissimos,
674 2691 734 2730 uon
765 2683 809 2730 est
841 2672 956 2732 difficile

175 2766 289 2836 oratori,
303 2767 363 2843 ejus
383 2768 479 2844 partis,
499 2786 708 2844 quamcumque
728 2768 872 2840 defendat,
891 2786 957 2828 soc·

131 2874 163 2924 25
176 2871 267 2920 torem
289 2862 409 2938 aliquem
429 2863 574 2933 iuvenire;
599 2882 692 2940 aquo
712 2883 779 2922 oum
800 2874 957 2924 amentatas

178 2958 273 3018 hastas
293 2958 445 3036 acceperit,
466 2959 526 3035 ipsc
546 2977 596 3018 eas
615 2959 735 3018 oratoris
757 2958 874 3021 lacertis
891 2959 956 3018 viri·

177 3052 285 3129 busque
305 3054 462 3132 torquebit:
489 3055 546 3116 nisi
567 3074 635 3115 sero
659 3055 749 3133 (boet
768 3056 853 3116 vsnid
872 3054 957 3134 hujus
