2167 3567
154 306 194 367 58
475 318 518 365 nn
540 316 703 365 onnnone.
912 319 988 380 [nr.

199 474 257 523 tate
284 482 318 523 ee
344 475 500 523 venustate.
560 466 656 524 Etiam
683 466 733 525 iln
758 464 927 543 eognssrnm,
953 475 991 523 et

200 578 377 636 acceperam,
407 572 558 636 antequam
584 563 620 620 de
647 581 678 619 re
704 562 874 633 diceremus,
899 561 991 619 initio

200 657 398 715 conciliandos
418 676 517 715 eorum
537 677 600 715 esee
623 659 742 729 animos,
763 658 812 733 qui
834 657 989 729 audirent3

200 752 303 810 deinde
324 771 383 811 rem
405 752 672 824 demonstrandam
701 764 800 829 postea
822 764 991 813 controver-

170 848 270 907 esium
291 849 534 922 constituendam
556 860 617 907 tum
638 849 677 921 id,
691 850 768 924 quod
786 869 838 907 noe
854 850 992 907 intende·

200 962 305 1015 remus,
326 946 570 1015 confirmandum
597 957 672 1021 post,
693 965 757 1021 qure
779 959 880 1004 contre
904 945 991 1003 diee-

200 1052 307 1111 rentur,
322 1041 493 1111 refellendn;
514 1042 642 1098 extremit
663 1053 757 1099 autern
778 1043 916 1113 oratione,
937 1060 988 1115 eu,

200 1156 263 1212 que
282 1156 334 1213 pro
356 1138 438 1195 nobis
458 1148 563 1210 essent,
579 1138 779 1213 amplificanda
791 1149 820 1195 et
834 1158 859 1195 ar
870 1140 988 1215 gemin

200 1252 318 1309 quaeque
339 1244 434 1291 essent
453 1253 505 1310 pro
521 1235 698 1306 adversariis,
714 1234 990 1310 intimandumque

156 1345 188 1393 10
201 1329 365 1407 frangenda„

239 1520 370 1579 XXXII.
400 1521 556 1578 Audieram
582 1522 668 1579 etiarn
694 1541 757 1597 quae
783 1522 820 1579 de
842 1522 987 1581 orationis

200 1616 289 1693 ipsius
309 1616 484 1674 ornamentis
504 1618 697 1687 traderentur3
729 1618 759 1675 in
780 1618 836 1693 quii
853 1619 987 1694 precipi-

200 1722 246 1771 tur
259 1712 392 1789 primum,
404 1723 436 1769 nt
448 1732 519 1789 pure
533 1724 562 1771 et
575 1713 676 1797 Latine
690 1714 839 1789 loquamur
847 1734 855 1785 ;
877 1714 986 1773 deinde

199 1819 231 1867 ut
251 1808 336 1883 plane
356 1819 384 1865 et
405 1808 531 1867 dilucide
540 1829 548 1879 ;
576 1820 636 1867 tum
661 1820 692 1868 ut
718 1821 833 1882 ornate;
861 1822 924 1887 poet
945 1812 984 1869 nd

156 1906 186 1957 15
201 1924 294 1962 rerum
316 1905 483 1982 dignitatem
501 1917 565 1981 apte
579 1918 607 1963 et
621 1907 700 1981 quasi
715 1908 819 1965 decore
828 1928 835 1977 ;
857 1908 985 1984 singula·

200 2018 319 2076 rumque
334 2020 428 2059 rerum
442 2014 583 2079 precepta
597 2002 760 2079 cognatam.
800 2003 982 2076 Quinetiam,

199 2116 262 2173 qnae
282 2097 403 2155 maxime
423 2098 538 2174 propria
561 2109 655 2155 essent
680 2109 799 2169 nature,
821 2110 916 2157 tamen
936 2100 983 2157 hie

201 2193 269 2269 ipsis
285 2204 372 2251 artem
389 2194 518 2251 adhiberi
532 2194 672 2252 videram:
693 2214 759 2252 nam
773 2195 810 2253 de
825 2196 938 2253 actione
952 2206 983 2253 et

200 2290 236 2347 de
259 2290 396 2347 memorii
424 2290 553 2364 quedam
581 2290 685 2361 brevia,
706 2290 756 2347 sed
782 2292 888 2367 magnii
914 2310 982 2349 eum

154 2390 186 2439 20
201 2386 414 2457 exercitatione,
428 2397 571 2461 praeoepta
590 2388 743 2462 gustarem.
784 2386 819 2444 In
839 2386 884 2444 hie
903 2387 982 2445 enim

201 2483 260 2539 fere
293 2482 378 2539 rebus
410 2481 504 2538 omnis
537 2482 655 2539 istorum
683 2482 823 2541 artificum
849 2482 983 2542 doctrine

201 2586 339 2648 versetur,
364 2594 450 2651 quam
476 2594 532 2653 ego
558 2577 582 2633 si
609 2577 681 2634 nihii
713 2578 810 2637 dicam
838 2579 981 2653 adjuvere,

201 2672 338 2729 mentiar:
366 2671 451 2729 habet
477 2672 554 2729 enirn
580 2674 710 2747 quedam
737 2674 818 2748 quasi
846 2675 881 2732 nd
905 2694 982 2733 eom·

201 2768 375 2831 monendum
402 2777 555 2839 oratorem,
581 2788 638 2844 quo
664 2770 789 2844 quidque
815 2770 928 2842 referat,
952 2781 982 2830 et

155 2873 188 2923 25
201 2883 258 2940 quo
279 2865 401 2935 intuens,
417 2864 452 2921 ab
472 2883 517 2935 eo,
532 2865 732 2942 quodcumque
752 2867 807 2924 eibi
829 2886 983 2943 proposue·

201 2961 248 3033 rit,
262 2960 356 3019 minus
378 2960 495 3017 aberret.
537 2961 645 3019 Verum
666 2981 722 3039 ego
742 2964 817 3020 hane
830 2963 887 3021 vim
901 2963 983 3021 intel·

202 3057 261 3136 ligo
281 3076 343 3115 esse
357 3056 386 3115 in
399 3057 550 3136 preceptis
569 3059 712 3131 omnibus,
725 3076 785 3117 non
798 3069 829 3116 ut
842 3078 878 3119 en
890 3059 982 3117 secuti
