2167 3567
121 302 205 364 tau]
406 305 449 353 ou
472 306 635 354 oaauoaa.
897 295 951 354 121

122 450 280 527 disputatio
293 451 422 528 quaedam
438 411 491 512 luit
504 454 576 511 mihi
588 454 709 529 quidam
723 453 907 530 perjucunda

123 548 184 604 Sed
200 567 251 605 our
265 549 435 625 impedimus
456 551 627 622 Antonium,
637 551 724 627 ,eujus
744 551 829 608 audio
846 567 909 608 esse

123 653 229 718 partes,
246 655 279 701 ut
299 645 334 702 de
354 646 415 703 total
436 647 600 720 eloquentia
619 647 747 718 disserat,
769 664 910 721 quemque

123 738 290 814 jamdudum
311 741 398 800 Cotta
410 752 440 798 et
454 742 601 816 Sulpicius
620 744 805 817 exspectantl
845 741 910 818 Ego

124 854 203 906 vero,
226 836 318 911 iuquit
339 837 472 907 Crassus,
494 856 588 912 neque
607 838 770 896 Antonium
792 839 939 897 verbumd

125 931 221 988 saoere
241 933 341 1008 patiar,
363 944 391 990 et
412 933 473 1008 ipse
494 933 700 1004 obmutescam,
721 934 776 992 uisi
796 933 874 1009 prius
894 951 911 990 a

125 1027 208 1084 vobis
229 1028 382 1104 impetrato
398 1073 404 1086 .
420 1073 426 1086 .
442 1073 449 1086 .
465 1028 655 1090 .Quidnamt
677 1028 768 1104 inquit
781 1028 908 1086 Catulus

124 1123 166 1182 Ut
188 1124 236 1181 hio
257 1125 319 1182 aitis
341 1125 433 1182 hodie.
482 1125 572 1196 Tum,
594 1143 660 1182 oum
683 1125 731 1182 ille
757 1124 909 1196 dubitaret,

124 1220 203 1295 quod
219 1221 254 1278 ad
268 1221 381 1279 fratrem
401 1221 580 1296 promiserat,
602 1220 675 1297 Ego,
694 1219 786 1294 iuquit
805 1219 909 1291 Julius,

125 1335 178 1391 pro
204 1327 324 1391 utroque
354 1317 528 1393 respondeo:
562 1317 606 1374 sie
639 1317 792 1374 faciemus:
826 1327 909 1391 atque
924 1322 955 1370 lt)

127 1411 183 1468 ists
204 1411 319 1488 quidem
341 1413 516 1483 conditione,
538 1413 581 1470 vel
604 1423 636 1470 ut
657 1413 772 1471 verbum
799 1412 909 1469 nullum

127 1508 247 1579 faoeres,
272 1525 317 1564 me
340 1519 461 1566 teneres.
513 1508 573 1566 Hie
597 1509 717 1567 Catulus
742 1509 848 1578 arrisit3
880 1518 909 1566 et

126 1603 221 1674 simul,
245 1604 381 1675 Praeoisa,
404 1605 505 1680 iuquit,
529 1605 601 1663 mihi
627 1605 743 1679 quidem
769 1605 909 1664 dubitatio

126 1710 180 1771 est,
208 1701 340 1775 quoniam
367 1719 460 1776 neque
487 1701 566 1759 domi
593 1702 772 1778 imperaram,
795 1713 825 1759 et
851 1703 909 1774 bio,

128 1796 201 1872 apud
216 1815 300 1872 quem
314 1815 391 1854 eram
405 1797 527 1870 futurus,
541 1797 605 1856 siue
617 1798 683 1856 meti
696 1798 838 1856 sententid
851 1808 909 1857 tam
925 1813 956 1863 lt

126 1892 213 1952 saoile
227 1893 365 1969 promisit.

166 1989 245 2048 Tum
259 2006 359 2047 omnes
373 1990 473 2048 oculos
487 1990 516 2048 in
530 1990 691 2052 Antonium
706 1989 908 2066 conjecerunt:

127 2097 156 2144 et
179 2085 236 2158 ille,
259 2086 368 2144 Audita
393 2105 469 2159 vero,
495 2087 601 2158 audite,
626 2086 734 2160 iuquit:
765 2086 909 2144 bominem

126 2182 205 2243 euim
230 2183 351 2241 audietis
374 2182 410 2240 de
433 2183 540 2255 schola,
564 2193 649 2257 atque
673 2203 690 2240 a
713 2183 858 2259 magistro,
880 2192 909 2240 et

126 2279 238 2360 Grecis
258 2279 349 2337 literis
375 2279 534 2338 eruditum:
563 2289 592 2336 et
612 2297 648 2338 eo
667 2277 783 2354 quidem
809 2277 909 2354 loquar
923 2294 956 2345 m

126 2375 329 2448 confidentius,
345 2375 419 2451 quod
434 2375 560 2446 ,Catulus
575 2375 688 2433 auditor
702 2374 839 2445 aooessit;
862 2375 910 2433 oui

127 2491 188 2531 uon
201 2472 292 2530 solum
306 2491 360 2530 nos
374 2471 470 2532 Latini
489 2471 636 2543 sermonis,
651 2471 701 2528 sed
714 2471 800 2530 etiam
814 2470 909 2530 Graeei

127 2568 183 2644 ipsi
196 2568 288 2625 solent
301 2587 359 2626 suae
372 2567 476 2644 linguae
487 2567 673 2625 subtilitatem
683 2567 910 2644 elegantiamque

128 2664 297 2724 oonoedete.
352 2664 410 2723 Sed
437 2673 544 2735 tamen,
568 2663 703 2740 quoniam
730 2663 786 2722 hoe
808 2676 909 2736 totum,

127 2761 265 2838 quidquid
279 2771 332 2833 est,
347 2761 407 2820 sive
421 2761 574 2820 artifioium
592 2761 653 2820 sive
672 2761 798 2820 studium
813 2761 910 2818 dioen-
923 2779 956 2828 ᾳ,

124 2858 168 2930 di,
183 2857 238 2916 nisi
259 2857 381 2916 aoeessit
399 2877 442 2930 os,
455 2858 566 2916 nullum
585 2868 679 2934 potest
697 2876 777 2927 esse;
798 2857 910 2915 docebo

127 2971 189 3027 ms,
210 2953 354 3030 discipuli,
379 2955 456 3029 quod
482 2954 542 3030 ipse
569 2973 628 3012 nou
654 2953 753 3025 didici,
779 2952 847 3028 quid
873 2953 910 3011 de

126 3051 207 3112 *omni
221 3069 328 3131 genere
340 3050 456 3110 dieendi
476 3050 606 3111 antimo.
646 3049 706 3109 Hie
725 3060 909 3128 posteaquam

364 3148 398 3204 ll
