2167 3567
80 315 160 375 nt]
377 320 420 367 nn
444 318 606 367 carrona
888 304 929 363 59

80 475 222 523 oratores
235 464 408 542 eloquentie
421 467 536 561 laudem
550 467 609 525 sint
622 464 727 543 adepti,
742 464 803 538 sed,
817 483 882 541 que

80 561 143 643 sui
178 573 282 639 sponte
316 562 447 621 homines
479 564 647 639 eloquentes
679 563 817 633 fecerent,
846 580 882 620 er

82 657 230 732 quosdam
251 659 427 731 observasse,
443 670 526 735 atque
550 658 593 736 [id
613 658 706 735 egisse
716 660 739 738 z]
754 658 797 730 sic
817 676 880 715 esse

80 771 148 811 non
170 754 366 829 eloquentiam
387 775 423 815 cx
443 755 575 827 artificio,
595 754 646 813 sed
673 754 825 813 artificium
844 773 881 812 ex

82 850 259 925 eloquentirl
275 862 402 910 matum:
433 852 510 927 quod
535 863 641 923 tamen,
666 862 787 910 utente
810 851 911 923 dixit

83 964 147 1004 non
163 946 270 1021 ejicio:
292 957 335 1003 est
349 946 436 1018 enim,
451 947 564 1005 etiamsi
578 947 673 1003 minus
686 946 881 1006 necessarium

84 1039 123 1095 ad
153 1039 231 1097 bene
259 1040 425 1112 dicendum,
453 1052 549 1099 tamen
577 1041 612 1097 ad
645 1039 879 1116 cognoscendum

84 1153 145 1193 non
168 1135 321 1194 illiberale.
362 1134 401 1193 Et
420 1135 590 1193 exercitatio
609 1136 738 1209 quaedam
759 1134 881 1210 suscipi·

84 1231 166 1288 enda
193 1232 277 1289 vobis
304 1243 363 1289 est:
398 1250 559 1307 quanquam
587 1250 637 1289 vos
665 1231 780 1306 quidem
810 1231 882 1305 jam·

84 1326 202 1401 pridem
225 1326 294 1383 estis
316 1326 345 1383 in
367 1345 469 1385 cursu:
491 1327 540 1383 sed
563 1326 595 1398 ii,
611 1327 660 1401 qui
681 1326 880 1403 ingrediuntur
896 1336 927 1385 ltt

86 1421 117 1479 in
133 1422 271 1492 stadium,
287 1423 392 1498 quique
408 1442 453 1493 ea,
468 1442 530 1497 quae
552 1424 663 1499 agenda
683 1434 750 1480 sunt
763 1423 793 1479 in
807 1422 879 1492 soro,

85 1528 228 1593 tanquam
251 1518 281 1575 in
303 1519 375 1589 acie,
395 1530 514 1594 possunt
534 1520 620 1577 etiam
641 1538 719 1576 nunc
739 1519 880 1577 exercita·

86 1614 170 1672 tione
205 1614 287 1689 quasi
320 1615 431 1673 ludicra
465 1615 636 1691 praediscere
670 1634 705 1673 ac
736 1615 878 1673 meditari.

87 1710 179 1768 Hanc
201 1711 303 1787 ipsam,
324 1710 417 1785 inquit
443 1711 599 1786 Sulpicius,
620 1709 705 1769 nosse
730 1711 877 1771 volumus:

6 1818 7 1823 ’
89 1818 219 1867 attamen
235 1806 297 1877 ista,
313 1826 375 1882 quae
391 1807 441 1864 abs
454 1817 482 1865 te
496 1808 618 1865 breviter
633 1809 669 1864 de
683 1818 743 1865 arte
757 1808 879 1865 decursa
894 1818 926 1867 1⁵

89 1914 167 1974 sunt,
197 1898 297 1961 audire'
332 1903 473 1979 cupimus,
502 1922 664 1978 quanquam
698 1916 764 1963 snnt
795 1904 878 1963 nobis

6 2032 7 2073 3
90 2018 206 2075 quoque
227 2019 286 2058 uon
308 1998 445 2057 inaudita.
486 2000 595 2057 Verum
616 2000 665 2058 illa
685 2020 766 2058 mox:
788 2020 878 2072 nnnc,

91 2096 126 2155 tle
141 2097 205 2173 ipsi
218 2096 426 2154 exercitatione
440 2096 508 2173 quid
522 2097 639 2167 sentias,
653 2098 815 2174 querimus.

129 2288 281 2349 XXXIII.
304 2288 445 2364 Equidem
459 2289 549 2365 probo
562 2289 626 2361 ista,
641 2289 762 2347 Crassus
775 2288 879 2364 inquit,

92 2404 154 2460 quae
175 2404 226 2442 vos
247 2385 342 2445 facere
363 2386 471 2457 soletis,
493 2396 533 2457 ut,
555 2387 643 2445 causa
670 2386 766 2460 aliqua
785 2386 878 2462 posita
893 2394 926 2442 20

92 2481 237 2539 consimili
259 2500 408 2539 causarum
431 2501 538 2553 earum,
553 2502 616 2557 quae
637 2482 667 2539 in
689 2482 780 2540 sorum
802 2482 878 2541 dele·

91 2592 203 2649 runtur,
226 2578 329 2636 dicatis
356 2598 442 2654 qnam
464 2578 587 2635 maxime
608 2579 643 2636 ad
662 2579 810 2637 veritatem
831 2600 878 2639 ao·

92 2674 292 2735 commodate:
318 2676 368 2733 sed
389 2674 516 2752 plerique
537 2675 567 2731 in
588 2676 644 2733 hoc
663 2695 762 2735 vocem
783 2678 877 2748 modo,

12 2773 16 2782 '
92 2790 185 2846 neque
207 2790 271 2829 eam
293 2773 429 2842 scienter,
452 2782 481 2829 et
502 2772 576 2829 vires
596 2785 731 2831 exercent
752 2794 828 2846 suas,
849 2784 879 2831 et
946 2840 947 2844 ,

92 2867 197 2945 linguae
226 2868 403 2926 celeritatem
433 2868 564 2939 incitant,
591 2870 798 2945 verborumque
825 2870 879 2926 fre·
893 2883 925 2933 25

93 2964 210 3038 quentia
236 2964 425 3023 delectantur.
476 2963 511 3021 In
539 2983 597 3039 quo
623 2966 695 3023 fallit
720 2984 781 3035 eos,
803 2965 878 3039 quod

96 3060 255 3131 audierunt,
271 3068 289 3094 “
300 3061 425 3121 dicendo
439 3060 582 3134 homines,
596 3074 628 3120 ut
641 3062 750 3135 dicant,
763 3062 879 3121 efficere
