2167 3567
156 333 197 395 72
487 347 531 394 nn
554 347 718 394 onaronu.
917 345 989 406 [nr.

204 493 430 567 auctoritatibus,
459 493 488 552 in
521 495 668 571 exemplis,
696 492 726 552 i'n
753 503 990 552 testamentorum

203 589 341 663 formulis,
355 591 410 650 hoc
423 602 476 664 est,
491 591 519 649 in
535 591 629 649 medio
640 592 704 668 jure
719 591 797 648 cirili
812 591 938 648 versarii

241 783 306 842 XL.
335 783 445 841 Omitto
470 783 528 861 jam
558 782 640 859 plura
672 780 803 859 exempla
836 801 990 840 causarum

203 882 449 966 amplissimarum,
465 902 527 958 quae
541 893 608 939 sunt
626 882 863 939 innumerabilia:
885 881 990 957 capitis

170 979 187 1028 5
202 978 301 1050 nostri,
317 997 391 1055 saepe
410 989 502 1055 potest
524 979 666 1045 accidere,
681 989 712 1034 ut
726 997 820 1035 causae
841 989 990 1035 versentur

131 1101 138 1117 ι
202 1073 232 1131 in
256 1074 329 1151 jure.
383 1074 499 1148 Etenim
524 1075 567 1131 sic
586 1072 622 1131 ¹0.
644 1073 825 1145 Mancinum,
846 1073 991 1131 nobilissi-

201 1189 278 1228 mum
295 1181 379 1246 atque
393 1171 530 1247 optimum
546 1170 649 1239 virum,
664 1189 698 1227 ac
715 1169 906 1241 consularem,
920 1189 989 1227 cum

201 1287 266 1324 eum
281 1279 395 1344 propter
417 1267 551 1324 invidiam
573 1266 745 1324 Numantini
767 1266 880 1322 soederis
896 1277 990 1341 pater·

200 1374 328 1440 patratus
347 1383 383 1420 ex
403 1365 433 1420 S.
455 1364 489 1421 C.
510 1363 697 1421 Numantinis
723 1362 888 1432 dedidisset,
909 1383 990 1420 eum-

156 1463 186 1512 10
201 1477 256 1533 que
284 1458 325 1516 illi
352 1477 408 1516 non
436 1459 621 1534 recepissent,
649 1469 804 1533 posteaque
831 1457 990 1516 Mancinus

201 1555 317 1612 domum
344 1555 509 1626 revenisset,
530 1573 625 1629 neque
652 1555 682 1610 in
709 1565 839 1612 senatum
867 1553 989 1613 introire

201 1649 375 1721 dnbitsisset;
396 1650 428 1708 P.
450 1651 588 1722 Rutilius,
610 1649 650 1708 M.
672 1651 757 1722 filius,
778 1652 910 1709 tribunus
929 1653 990 1727 ple-

201 1746 255 1817 bis,
280 1746 315 1802 de
342 1741 442 1804 senatu
466 1746 551 1822 jussit
576 1746 672 1818 educi,
699 1748 774 1822 quod
802 1767 866 1805 eum
894 1748 988 1806 civem

200 1853 318 1919 negaret
332 1861 411 1913 esse3
434 1843 501 1917 quia
521 1843 659 1900 memorial
680 1843 723 1900 sic
743 1855 819 1901 esset
831 1845 987 1920 proditum,

155 1945 185 1995 15
200 1957 284 2015 quem
310 1927 399 2014 pater¹
418 1959 486 1995 suus
514 1948 563 1995 aut
588 1939 710 2014 populus
732 1941 915 2012 vendidisset,
938 1954 988 2000 aut

200 2046 419 2110 pater-patratus
446 2035 611 2106 dedidisset,
633 2035 660 2093 ei
684 2035 794 2092 nullum
822 2056 884 2094 esse
910 2049 988 2113 post-

200 2130 351 2189 liminium.
390 2132 489 2192 Quam
503 2152 653 2207 possumus
667 2132 791 2207 reperire
805 2152 840 2188 ex
853 2134 987 2192 omnibus

200 2228 286 2284 rebus
306 2227 438 2285 civilibus
463 2246 579 2285 causam
604 2228 875 2302 contentionemque
899 2230 987 2305 majo·

199 2341 270 2397 rem,
290 2343 374 2399 quam
396 2324 431 2380 de
452 2323 563 2395 ordine,
584 2325 620 2381 de
641 2322 765 2394 civitate,
787 2325 822 2380 de
843 2323 985 2396 libertate,

152 2426 184 2476 20
201 2419 236 2476 de
257 2421 351 2495 capite
378 2419 502 2477 hominis
528 2420 706 2491 consularis;
733 2420 889 2496 presertim
918 2440 985 2478 cum

200 2514 262 2572 haec
288 2534 347 2572 non
375 2516 404 2572 in
433 2515 553 2573 crimine
581 2516 685 2590 aliquo,
713 2517 788 2590 quod
815 2517 863 2574 ille
890 2529 985 2593 posset

200 2604 325 2682 infitiari,
346 2611 444 2669 sedin
466 2611 542 2669 civili
561 2611 634 2688 jure,
651 2613 838 2670 consisteretl
879 2614 985 2670 Simili-

200 2706 298 2786 quein
313 2727 428 2786 genere,
444 2708 576 2766 inferiore
597 2707 707 2778 ordine,
722 2710 746 2766 si
759 2702 823 2785 quis
843 2711 918 2786 apud
932 2729 985 2768 nos

200 2803 331 2862 servisset
344 2823 379 2862 ex
398 2805 505 2880 populo
525 2805 672 2875 foederato,
687 2825 806 2880 seseque
826 2806 983 2878 liberasset,

152 2901 184 2952 2⁵
201 2920 235 2959 ac
247 2911 347 2978 postea
360 2902 475 2959 domum
496 2901 667 2972 revenisset3
689 2903 837 2976 quesitum
853 2914 896 2959 est
911 2904 985 2980 apud

199 2997 321 3077 majores
354 3009 477 3071 nostros,
504 3017 574 3055 num
601 2998 627 3056 is
653 2998 688 3056 ad
716 3017 784 3056 suos
808 3000 985 3075 postliminio
