2167 3567
103 278 108 287 ⁴
135 303 156 363 8
348 362 351 371 ,
456 316 499 363 nn
519 311 685 363 bennone.
895 314 971 375 [nn

182 464 364 523 constitisset.
402 464 502 543 Quem
516 484 596 542 spem
609 464 817 542 cogitationum
841 473 876 534 et¹
894 482 965 522 con·

182 559 311 618 siliorum
332 580 469 633 meorum,
485 581 552 619 cum
572 580 672 638 graves
686 559 881 618 communium
895 570 972 617 tem-
1076 554 1077 573 ¹

182 674 293 732 porum,
304 666 364 714 tum
379 657 447 715 rarii
463 658 553 715 nostri
568 676 651 715 casus
665 656 835 715 fefellerunt.
875 656 905 712 N
908 675 968 730 am,

182 751 230 827 qui
256 752 338 809 locus
364 753 468 828 quietis
491 762 520 809 et
546 753 756 827 tranquillitatis
782 751 970 827 plenissimus

152 852 168 901 5
183 847 242 905 fore
257 848 414 919 videbatur,
430 848 458 905 in
473 867 508 905 eo
523 849 652 905 maximae
666 848 756 905 moles
769 847 967 905 molestiarum

181 953 211 1000 et
224 943 474 1003 turbulentissimae
487 953 671 1019 tempestates
688 943 864 1001 exstiterunt.
905 943 969 1002 Ne·

182 1058 237 1114 que
258 1059 326 1097 vero
346 1040 428 1098 nobis
453 1040 634 1116 cupientibus
655 1049 739 1115 atque
764 1040 969 1114 exoptantibus

183 1137 292 1195 fructus
318 1138 370 1197 otii
396 1138 478 1195 datus
504 1148 558 1209 est,
581 1136 617 1194 ad
639 1156 689 1194 eas
713 1146 797 1207 artes,
821 1136 925 1210 quibus
950 1156 970 1195 a

180 1234 277 1308 pneris
297 1234 386 1291 dediti
406 1233 521 1305 fuimus,
543 1233 738 1303 celebrandas,
759 1232 832 1289 inter
855 1251 968 1307 nosque

136 1333 168 1383 10
181 1328 355 1385 recolendas.
409 1327 438 1383 N
442 1347 486 1383 arn
512 1328 604 1403 primi
637 1338 719 1385 etate
752 1326 908 1384 incidimus
933 1327 967 1385 in

182 1423 272 1499 ipsam
284 1423 527 1498 perturbationem
542 1423 700 1498 disciplinae
714 1423 833 1494 veteris3
855 1434 884 1480 et
898 1443 969 1481 con·

182 1519 275 1576 sulatu
302 1520 467 1576 devenimus
495 1519 524 1575 in
552 1518 679 1575 medinm
706 1538 801 1576 rerum
834 1520 967 1577 omnium

182 1627 327 1672 certamen
345 1626 428 1690 atque
449 1615 619 1685 discrimem
641 1625 670 1672 et
683 1614 739 1672 boc
752 1625 865 1691 tempus
878 1634 968 1675 omne

181 1721 245 1786 post
266 1711 444 1769 consulatum
460 1711 618 1787 objecimus
633 1712 668 1768 iis
682 1711 826 1784 ductibus,
840 1712 898 1788 qai,
913 1731 966 1788 per

136 1816 167 1865 15
182 1826 232 1865 nos
257 1826 274 1865 a
296 1808 442 1865 communi
467 1818 548 1885 peste
575 1808 695 1884 depulsi,
720 1808 750 1867 iu
776 1807 966 1883 llosmetipsos

158 1968 162 1977 ,
181 1902 385 1961 redundarunt.
427 1904 485 1961 Sed
507 1913 604 1960 tamen
628 1905 657 1962 in
678 1904 723 1962 bis
743 1904 786 1961 vel
809 1904 966 1980 asperitati·

181 1997 235 2055 bus
267 2016 372 2071 rerum,
405 1999 450 2057 vel
485 1999 624 2077 angustiis
656 1999 802 2075 temporis,
824 2001 964 2075 obsequar

181 2093 283 2151 studiis
315 2095 436 2165 nostris;
470 2105 509 2167 et,
536 2105 673 2171 quantum
707 2096 777 2153 milri
810 2097 853 2155 rel
887 2096 965 2154 fraus

181 2188 374 2263 inimicorum,
387 2192 431 2250 vel
446 2212 539 2251 causae
562 2193 787 2266 amicorumve}
802 2193 966 2268 respublica

134 2298 166 2349 2⁰
180 2288 286 2346 tribuet
299 2289 360 2361 otii,
374 2291 603 2349 adscribendum
616 2291 794 2366 potissimum
808 2290 963 2348 conseram.

180 2384 251 2441 Tibi
272 2403 346 2456 vero,
368 2386 463 2457 frater,
484 2405 579 2459 neque
604 2384 728 2441 hortanti
753 2384 849 2452 deero,
870 2402 966 2459 neque

180 2477 310 2552 roganti:
337 2496 404 2534 narn
424 2498 517 2551 neque
539 2478 708 2534 auctoritate
728 2476 868 2551 quispiam
889 2482 966 2556 apud

181 2587 227 2627 me
240 2570 304 2647 plus
317 2571 411 2628 valere
425 2580 453 2627 te
466 2581 570 2647 potest,
584 2590 678 2647 neque
691 2571 845 2629 voluntate.

219 2763 258 2823 II.
286 2763 333 2821 Ac
353 2763 424 2821 mihi
447 2764 602 2841 repetenda
621 2774 665 2822 est
684 2765 787 2821 veteris
814 2764 966 2840 cujusdam

135 2870 167 2922 25
182 2860 325 2919 memoriae
351 2878 410 2917 non
437 2879 506 2917 sune
533 2860 602 2917 satis
625 2861 766 2936 explicata
792 2860 963 2931 recordatio,

182 2957 243 3029 sed,
265 2968 297 3015 ut
321 2956 450 3029 arbitror,
473 2966 538 3034 apta
559 2957 594 3015 ad
618 2957 658 3029 id,
677 2958 755 3033 qnod
777 2958 907 3034 requiris,
931 2966 964 3015 ut
1021 2954 1025 2961 ’

183 3070 351 3131 cognoscas,
365 3072 429 3131 quas
445 3054 501 3115 riri
519 3054 649 3115 omnium
669 3054 894 3134 eloquentissimi
907 3054 966 3115 ola·
