2167 3567
120 287 204 350 ort]
401 287 444 334 ou
466 283 630 337 ousrortu
893 277 946 338 rot

120 435 281 494 doctrinam
296 436 455 509 eontinere,
470 437 507 495 de
519 437 554 494 et
568 437 690 512 primum
704 436 861 513 loquemur,
875 445 905 494 et

120 550 215 607 pouos
227 533 364 590 dicemus.
405 533 502 590 Pouoe
516 533 593 593 enim
606 543 683 603 sunt,
697 552 760 606 que
774 551 828 588 usu
845 533 904 608 jour

121 637 251 700 tractatu,
265 638 295 686 et
309 629 404 686 animo
424 629 505 704 quusi
519 629 625 686 habere
638 639 736 686 notatu
749 627 903 688 videamur.

160 819 261 878 XXX.
292 820 338 878 Ao
352 820 404 878 tibi
425 821 569 896 sapienter
588 820 727 890 monenti,
741 819 774 878 L
789 821 902 892 crasse,-

120 915 242 974 libenter
270 915 465 988 assentiemur,
492 927 524 974 ut
550 916 726 992 singulorum
753 923 934 974 causarum5

121 1011 312 1084 defensiones,¹
326 1033 395 1088 quos
409 1013 501 1070 solent
519 1013 647 1088 magistri
667 1015 762 1088 pueris
781 1013 903 1084 tradere,

120 1109 339 1183 relinquamust
352 1109 510 1184 aperiamus
532 1120 626 1168 eutem
648 1127 683 1166 eu
701 1109 805 1183 cupito,
827 1108 904 1164 unde

121 1205 216 1262 omnis
237 1205 272 1262 sd
290 1223 403 1262 omnem
422 1215 451 1262 et
465 1222 581 1262 oausam
595 1216 625 1262 et
638 1206 796 1262 orationem
809 1205 905 1280 dispu-

120 1301 192 1358 tatio
219 1300 341 1358 ducitur.
395 1301 498 1376 Neque
531 1301 619 1373 enim,
646 1301 759 1375 quoties
787 1301 903 1358 verbum

122 1395 237 1472 sliquod
258 1407 300 1454 est
320 1397 502 1456 scribendum
523 1398 617 1468 nobis,
639 1397 724 1454 toties
744 1397 807 1473 ejus
826 1397 953 1453 sorbilo

120 1491 210 1550 litere
224 1503 290 1550 suut
304 1493 478 1569 eogitstione
489 1492 707 1568 oonquireodre3
727 1511 784 1550 noo
794 1493 906 1567 quoties

122 1607 210 1647 causa
230 1589 353 1646 dioends
372 1599 424 1660 est,
439 1589 525 1646 toties
546 1589 580 1646 sd
598 1589 659 1664 ejus
673 1609 768 1647 oeusae
781 1590 907 1665 seposita

123 1695 290 1761 arguments
308 1684 423 1743 revolvi
434 1704 487 1742 nos
506 1696 634 1761 oportet:
656 1686 706 1742 sed
726 1685 831 1743 habere
846 1704 907 1742 eer-

122 1781 273 1852 tortores,
288 1781 347 1856 qui,
361 1791 393 1838 ut
412 1782 500 1838 literae
522 1781 556 1838 ad
573 1783 689 1839 verbum
709 1781 904 1853 scribendum,

122 1877 165 1934 sio
178 1877 220 1936 illi
234 1879 268 1937 ed
284 1897 399 1938 oausam
414 1879 622 1953 erpiioundum,
634 1879 733 1936 stetim
742 1888 904 1936 occurrunt.
922 1879 955 1928 15

123 1973 181 2030 Sed
202 1973 231 2030 hi
249 1973 306 2032 looi
321 1973 348 2030 ei
361 1974 476 2031 demum
497 1974 603 2030 oratori
622 1974 756 2049 prodesse
776 1982 905 2048 possunt,

122 2068 172 2145 qui
191 2081 234 2128 est
253 2083 380 2128 versatus
401 2070 429 2127 in
454 2070 549 2140 rebus,
570 2069 614 2126 rel
641 2088 705 2139 usu,
726 2087 809 2142 quem
837 2079 906 2126 retus

123 2163 247 2240 denique
260 2166 341 2224 offert
349 2186 356 2236 ;
377 2165 421 2222 vel
439 2165 586 2222 auditione
599 2178 628 2222 et
642 2164 828 2240 cogitatione,
843 2183 906 2239 quae

123 2262 218 2321 studio
238 2273 267 2320 et
286 2261 436 2338 diligentiis
455 2260 604 2337 praeourrit
624 2270 743 2319 etatem.
785 2260 862 2317 Nam
881 2260 906 2316 si

124 2368 155 2415 tu
175 2357 246 2415 mihi
266 2357 394 2432 quemvis
413 2355 557 2414 eruditum
578 2356 722 2414 hominem
744 2356 906 2427 adduxeris,
922 2362 955 2412 2⁰

124 2453 251 2529 quamvis
266 2472 360 2510 aorem
374 2462 404 2510 et
418 2463 532 2509 uoutum
550 2451 579 2508 iu
600 2452 764 2529 cogitando,
778 2453 907 2531 quamvis

114 2549 161 2608 ,od
175 2549 428 2626 vpronuntiandum
455 2547 628 2624 expeditum,
652 2549 677 2606 si
700 2549 755 2607 erit
778 2549 853 2606 idem
877 2549 906 2606 in

125 2645 332 2704 eonsuetudine
352 2644 485 2716 civitatis,
500 2644 529 2702 in
550 2644 694 2721 exemplis,
710 2645 739 2702 in
760 2644 906 2717 institutis,

125 2739 155 2800 iu
176 2741 302 2800 moribus
321 2758 355 2799 oo
372 2741 566 2798 voluntatibus
586 2741 691 2799 civium
713 2759 829 2800 suorum
843 2741 908 2798 hos·

123 2855 185 2914 pes,
199 2854 257 2895 nou
271 2837 391 2894 multum
406 2837 433 2894 ei
447 2822 504 2896 l'ooi
521 2837 677 2914 proderunt
690 2837 741 2908 itti,
755 2837 907 2913 exquibus
922 2841 955 2892 ὖ

126 2941 293 3010 argumente
311 2943 487 3008 promuntur.
542 2935 670 2992 Subaoto
695 2933 766 2990 milri
789 2933 908 3010 iugenio

126 3039 263 3106 operest,
277 3033 309 3090 ut
323 3047 392 3108 egro
412 3049 470 3088 uon
491 3030 578 3090 semei
593 3039 682 3102 eruto,
695 3029 747 3087 sed
759 3039 864 3089 uorsto
877 3040 907 3089 et

362 3124 426 3183 rt*
