2167 3567
128 298 170 358 26
446 312 491 361 nn
512 312 677 361 onsuonu.
885 314 956 374 [ur

174 459 266 517 oratio
292 460 407 535 quidem
437 461 499 537 ipsu
529 462 646 538 propriu
676 471 721 520 est
753 461 837 538 hujus
869 461 958 519 unius

174 554 302 627 rationis,
322 557 358 613 de
384 556 440 633 qud
468 558 620 633 loquimur,
640 568 670 616 et
692 558 852 633 querimus.
907 557 960 615 Et·

174 651 250 707 enim
272 651 408 723 videmus,
424 653 524 714 iisdem
544 655 683 713 derebus
700 654 797 731 jejune
816 654 958 730 quosdam

173 748 341 820 steriliter,
362 759 394 806 ut
419 768 495 821 euin,
517 768 602 825 quern
631 750 825 808 acutissimum
849 750 956 821 ferunt,

142 843 373 920 50hryrippum,
395 844 592 921 disputavisse,
619 864 713 921 neque
739 846 777 903 ob
804 864 867 903 eum
894 864 957 903 rem

171 939 358 1016 philosophie
379 960 436 999 non
457 942 639 1014 satisfecisse,
654 943 728 1017 quod
748 961 807 999 non
824 942 957 1000 habuerit

172 1035 248 1094 huuc
262 1036 378 1095 dicendi
392 1038 422 1095 in
437 1049 496 1097 arte
512 1038 606 1096 alieni
620 1039 793 1097 facultatem.

211 1228 280 1287 XII.
308 1230 389 1292 Quid
414 1248 483 1307 ergo
504 1232 642 1289 interesti
670 1242 718 1288 aut
738 1230 787 1306 qui
807 1232 956 1289 discernes

171 1344 280 1397 eorum,
301 1344 373 1401 quos
399 1327 554 1398 nominavi,
576 1329 735 1385 ubertatem
761 1328 792 1385 in
818 1327 955 1399 dicendo,

126 1424 157 1474 10
172 1431 201 1478 et
221 1422 343 1497 copiam,
365 1422 401 1477 ab
421 1441 519 1479 eorum
540 1423 677 1495 exilitate,
694 1425 742 1499 qui
763 1424 818 1480 huo
837 1424 956 1482 dicendi

173 1518 307 1574 varietate
327 1528 356 1575 et
376 1518 519 1594 elegantii
532 1538 592 1575 nou
605 1521 744 1576 utuntur?
782 1519 879 1577 Unum
899 1522 956 1580 erit

170 1614 309 1689 proiecto,
337 1615 411 1688 quod
446 1614 476 1685 ii,
503 1615 552 1690 qui
586 1616 660 1672 bene
693 1616 803 1687 dicunt,
835 1616 956 1675 efferunt

169 1709 332 1785 proprium3
359 1711 546 1786 compositam
574 1711 743 1784 orationem,
764 1721 793 1768 et
814 1723 955 1785 ornatum,

171 1814 201 1861 et
224 1805 345 1863 urtificic
370 1806 494 1881 quodam
520 1816 550 1863 et
575 1806 750 1882 expolitione
779 1808 953 1867 distinctum.

124 1919 155 1967 15
172 1900 244 1959 Haec
265 1912 359 1961 sutem
379 1902 480 1974 oratio,
495 1903 519 1960 ri
535 1922 583 1960 res
602 1921 661 1963 non
681 1904 780 1961 subest
794 1905 829 1962 sb
841 1917 955 1962 oratore

170 2009 305 2074 percepta
324 2009 353 2058 et
373 2001 498 2075 cognita,
521 2012 571 2056 aut
596 2000 675 2058 nullu
700 2000 739 2057 sit
760 2020 880 2059 necesse
899 2011 953 2074 cst,

171 2103 220 2151 sut
240 2094 368 2153 omnium
388 2095 520 2153 irrisione
539 2096 663 2153 ludetur.
709 2096 791 2158 Quid
811 2108 856 2154 est
875 2098 963 2155 enim*

170 2201 227 2249 tum
256 2192 403 2265 furiosum,
425 2212 510 2268 quern
530 2194 690 2265 verborum,
710 2194 754 2250 rel
781 2194 953 2269 optimorum

171 2296 256 2362 atquc
276 2288 529 2360 ornatissimorum,
544 2291 656 2347 sonitus
671 2290 775 2361 inanis,
789 2290 869 2347 nullu
889 2291 954 2347 sub-

121 2406 153 2455 20
167 2384 244 2460 jectis
271 2386 423 2456 sententis,
443 2404 499 2442 nec
526 2386 668 2441 scientidi
719 2384 872 2460 Quidquid
898 2386 954 2444 erit

170 2478 256 2553 igitur
270 2480 451 2553 qudcumque
462 2498 496 2536 ex
511 2490 581 2549 erte,
592 2498 772 2554 quocumque
786 2481 823 2536 de
836 2500 952 2556 genere,

170 2573 200 2630 id
213 2583 318 2644 orator,
333 2574 357 2630 si
377 2584 512 2648 tanquam
533 2574 649 2631 clientis
667 2593 793 2647 causum,
807 2575 952 2648 didicerit,

169 2670 247 2728 dicet
266 2669 368 2727 melius
382 2682 411 2727 et
424 2670 562 2742 ornatius,
577 2689 663 2745 quum
683 2670 732 2728 ille
752 2670 813 2745 ipse
833 2672 894 2746 ejus
909 2673 952 2729 rei

169 2768 297 2825 inventor
319 2776 402 2841 utque
424 2767 532 2824 artifex.
586 2767 664 2824 Nam
684 2766 709 2823 si
728 2766 793 2841 quis
815 2767 880 2836 erit,
901 2767 951 2841 qui

120 2874 153 2925 25
169 2865 224 2923 hoo
243 2864 330 2937 diost,
344 2882 406 2921 esse
427 2864 563 2938 quasdem
583 2873 728 2921 oratorum
746 2862 876 2939 proprius
888 2881 952 2919 sen·

168 2962 281 3036 tentius,
297 2972 380 3037 utque
393 2978 505 3033 causas,
519 2970 550 3018 et
563 2970 705 3018 certunm
718 2978 814 3018 rerum
834 2959 952 3017 forensi-

169 3060 223 3118 bus
234 3060 373 3119 cancellis
386 3058 634 3136 circumscriptum
652 3057 820 3130 scientium
842 3058 952 3121 ssubor
