2167 3567
490 312 533 363 oa
555 308 718 363 ossrona
923 306 968 376 ’[ι.
979 314 1002 362 1.

215 463 334 522 solere.''
375 465 453 523 Vere
470 466 547 523 enim
568 467 654 525 etiam
675 467 745 524 illud
765 466 880 540 dicitur,
902 466 1004 524 “Per-

214 578 294 618 vcrse
314 560 410 619 dicere
432 563 571 635 homines,
590 582 722 640 perverse
741 563 875 635 dicendo,
897 563 1005 622 facilli·

213 674 260 715 me
275 658 439 732 consequil’
488 658 686 721 Quamobrem
701 660 731 716 in
748 659 810 717 istis
829 660 898 736 ipsis
918 678 1004 717 exer-

214 752 408 825 citationibus,
436 753 489 812 etsi
516 754 587 811 utile
613 765 667 826 est,
688 755 775 813 etiam
802 756 897 813 subito
921 774 1003 831 saepe

182 848 320 920 fidicere,
344 859 439 907 tamen
467 849 536 908 illud
566 850 674 922 utilius,
686 861 815 927 *sumpto
841 850 934 928 spatio
962 852 1003 909 ad

213 944 409 1020 cogitandum,
436 946 562 1020 paratius
589 957 673 1020 atque
700 947 862 1003 accuratius
888 947 1002 1005 dicere.

214 1040 309 1116 Caput
330 1052 423 1098 autem
444 1052 496 1113 est,
511 1042 589 1116 quod
610 1042 735 1118 (utvere
754 1042 863 1122 dicam)
878 1043 1002 1100 minime

215 1137 345 1208 facimus,
361 1138 418 1215 (est
431 1138 508 1195 enim
529 1138 626 1215 magni
642 1138 757 1209 laboris,
771 1157 855 1212 quern
868 1138 1002 1213 plerique

214 1232 365 1311 sugimus)
396 1252 480 1309 quam
513 1234 669 1309 plurimum
701 1234 835 1291 scribere.
876 1234 1002 1291 “Stilus

168 1338 199 1387 1⁰
213 1330 347 1403 optimus,
368 1339 397 1387 et
416 1330 666 1405 praestantissimus
686 1330 801 1386 dicendi
822 1330 942 1387 effector
963 1349 1002 1387 ac

213 1425 390 1501 magister;’'
418 1444 510 1500 neque
530 1426 653 1502 injurii:
680 1444 745 1482 nam
773 1425 797 1481 si
824 1425 948 1481 subitam
969 1436 1003 1483 et

215 1520 359 1578 fortuitam
386 1521 545 1578 orationem
574 1520 777 1579 commentatio
802 1530 832 1577 et
859 1521 1003 1597 cogitatio

214 1616 298 1674 facile
318 1617 423 1687 vincit3
452 1618 526 1674 hanc
553 1618 643 1693 ipsam
670 1618 800 1693 prolecto
827 1617 942 1676 assidua
963 1637 1003 1677 ac

214 1712 336 1789 diligens
356 1713 496 1787 scriptura
516 1712 668 1787 superabit.
709 1712 819 1770 Omnes
834 1713 922 1786 enirn,
936 1714 1003 1772 sive

169 1809 281 1865 toartis
308 1819 374 1866 sunt
400 1808 467 1880 loci,
495 1809 554 1866 sive
587 1808 696 1885 ingenii
729 1809 878 1885 cujusdam
912 1820 1002 1885 atque

212 1905 380 1981 prudentiae‚
405 1904 453 1980 qui
477 1904 563 1961 modo
586 1905 683 1961 insunt
707 1905 737 1961 in
760 1906 796 1961 eti
818 1924 860 1977 re,
882 1906 1000 1981 dequo

213 2001 374 2072 scribimus,
403 2002 619 2077 anquirentibus
650 2002 743 2071 nobis,
770 2002 905 2076 omnique
933 2002 1001 2059 acie

213 2095 321 2174 ingenii
342 2098 601 2175 contemplantibus
625 2099 779 2155 ostendunt
799 2116 831 2155 se
850 2108 879 2155 et
895 2116 1000 2155 occur·

213 2204 279 2251 runt
289 2213 305 2251 :¹
317 2212 470 2271 omnesque
484 2194 643 2265 sententia,
658 2195 798 2269 verbaque
812 2194 918 2264 omnia,
932 2213 997 2270 quas

167 2301 279 2351 msunt
312 2292 450 2367 cujusque
482 2290 596 2367 generis
628 2290 751 2347 maxime
785 2278 915 2363 illustria,
942 2291 997 2347 sub

195 2394 335 2444 'acumen
355 2388 412 2444 stili
433 2387 553 2445 subeant
571 2396 600 2443 et
619 2386 777 2443 succedant
796 2404 916 2443 necesse
935 2396 995 2443 est:

212 2492 273 2539 tum
302 2482 363 2557 ipsa
389 2482 542 2539 collocatio
573 2481 817 2555 conformatioque
844 2482 995 2539 verborum

212 2577 359 2654 perficitur
374 2577 403 2634 in
418 2578 579 2650 scribendo,
593 2596 653 2634 non
666 2578 791 2653 poetico,
805 2577 856 2635 sed
872 2578 996 2653 quodam

213 2673 339 2731 oratorio
372 2692 491 2730 numero
517 2683 547 2731 et
572 2675 666 2731 modo.
723 2674 797 2731 Haec
829 2684 906 2744 sunt,
933 2693 997 2749 quae

167 2773 199 2823 25
214 2770 354 2828 clamores
381 2780 409 2826 et
437 2770 638 2827 admirationes
664 2770 695 2827 in
721 2770 805 2827 bonis
836 2771 997 2828 oratoribus

213 2867 352 2937 efficiunt,
373 2884 465 2941 neque
485 2884 519 2923 ea
539 2866 696 2941 quisquam,
718 2866 844 2924 nisidio
865 2867 996 2925 multum-

213 2978 269 3037 que
292 2960 470 3036 scriptitdrit‚
491 2959 603 3017 etiamsi
633 2960 881 3017 vehementissima
907 2978 939 3017 se
966 2958 995 3017 in

215 3055 260 3115 his
280 3055 382 3119 subitis
401 3054 578 3115 dictionibus
599 3055 769 3129 exercuerit,
790 3066 997 3133 consequetur:
