2167 3567
94 316 167 375 ar]
381 314 424 361 na
446 314 612 361 ostreae.
894 300 937 363 ω

92 464 169 538 quid
195 481 288 535 suurn,
310 462 379 539 quid
405 462 539 534 alienum,
562 480 650 537 quare
670 459 796 537 denique
817 459 889 521 civis

95 570 146 616 aut
175 539 354 635 peregrinus,
376 578 473 615 servus
501 569 549 616 aut
575 559 647 616 liber
674 559 814 635 quispiam
841 558 889 631 sit,

95 656 224 732 ignoret,
258 656 378 731 insignis
412 666 455 712 est
488 655 681 731 impudentias.
735 655 789 713 Illa
821 672 889 713 vero

95 752 260 811 deridenda
281 752 443 828 arrogantia
463 742 568 823 estsin
588 752 748 810 minoribus
767 751 889 829 navigiis

96 852 202 909 rudem
237 869 299 907 esse
332 870 362 907 se
396 851 545 921 eonfiteri3
580 850 808 926 quinqueremes,
839 859 920 913 aute

93 950 188 1005 etiam
217 950 348 1024 majores,
374 950 533 1025 gubernare
558 949 703 1007 didicisse.
743 949 793 1008 Tu
816 948 889 1007 mihi

96 1064 169 1103 cum
190 1045 221 1102 in
242 1046 352 1103 circulo
372 1045 517 1121 decipiare
538 1045 692 1103 adversarii
710 1044 889 1120 stipulatiun-

94 1141 179 1212 culd,
196 1161 264 1199 eum
283 1143 417 1217 obsignes
437 1142 557 1200 tabellas
577 1141 692 1199 clientis
711 1140 764 1212 tui,
785 1141 889 1217 quibus

97 1238 128 1295 in
144 1238 260 1295 tabellis
275 1238 303 1295 id
318 1238 354 1295 sit
367 1237 516 1313 seriptum,
531 1256 589 1314 quo
603 1237 652 1295 ille
666 1237 811 1316 copiatum
832 1252 889 1314 ego

97 1335 155 1391 tibi
181 1332 267 1391 ultam
290 1353 404 1391 eausam
426 1334 562 1410 majorem
584 1332 819 1393 committendam
838 1351 890 1409 pu·
904 1339 935 1391 rt

97 1432 181 1487 tem?
229 1430 323 1487 Citius
350 1430 467 1487 heroule
488 1430 522 1501 is,
544 1430 593 1504 qui
619 1429 742 1487 duorum
768 1428 889 1487 scalmo-

97 1546 165 1583 rum
194 1526 355 1583 naviculam
383 1526 412 1583 in
439 1537 520 1601 portu
548 1525 692 1598 everterit,
717 1525 747 1583 in
774 1525 890 1583 Euxino

98 1633 192 1699 ponto
207 1623 439 1699 Argonautarum
454 1640 556 1681 navem
570 1622 745 1699 gubernarit
785 1621 889 1684 Quidt

99 1720 125 1777 si
141 1738 179 1775 ne
192 1738 285 1793 parvae
306 1718 420 1792 quidem
442 1736 536 1775 causae
557 1729 633 1790 sunt,
648 1718 698 1775 sed
712 1736 788 1794 saepe
803 1717 890 1776 maxi·

100 1834 166 1884 me,
197 1814 225 1871 in
252 1814 354 1888 quibus
382 1823 506 1871 certatur
534 1805 570 1869 de
594 1813 658 1889 jure
684 1814 779 1872 civili:
812 1812 936 1891 quodid

101 1910 219 1967 tandem
241 1928 274 1965 os
294 1920 337 1966 est
358 1910 433 1966 iilius
453 1909 577 1985 patroni,
593 1910 642 1984 qui
663 1911 698 1968 ad
719 1929 768 1968 eas
788 1929 890 1967 causas

102 2007 166 2063 sine
192 2005 250 2063 ulls
272 2006 394 2063 scientia
413 2006 485 2081 juris
508 2006 594 2063 audet
616 2006 774 2063 accederet
813 2004 890 2069 Quae

102 2102 198 2177 potuit
232 2102 317 2179 igitur
350 2120 413 2158 esse
446 2120 534 2159 eausa
567 2101 667 2177 major,
694 2121 780 2176 quam
813 2101 890 2159 illius

104 2198 214 2268 militis,
235 2198 271 2255 de
292 2197 373 2272 eujus
394 2208 484 2258 morte
506 2217 573 2255 curn
597 2198 711 2254 domurn
740 2197 827 2255 falsus
854 2197 889 2254 ab

102 2294 234 2350 exercitu
268 2294 385 2350 nuntius
418 2294 552 2365 venisset,
586 2304 616 2350 et
647 2303 728 2369 pater
761 2292 831 2369 ejus,
858 2311 890 2349 re
904 2305 937 2354 m

103 2388 226 2459 eredita,
260 2398 461 2445 testamentum
494 2390 642 2459 mutasset,
676 2398 715 2460 et,
750 2407 834 2463 quem
860 2389 890 2446 ei

104 2486 196 2543 visum
224 2493 308 2555 esset,
338 2484 452 2541 fecisset
485 2484 631 2556 heredem,
665 2494 796 2560 essetque
829 2483 890 2561 ipse

104 2592 250 2650 mortuus;
279 2599 325 2637 res
348 2580 443 2641 delata
468 2589 512 2637 est
539 2580 575 2638 ad
602 2581 802 2654 centumviros,
823 2601 891 2641 oum

105 2678 187 2735 miles
220 2677 337 2733 domum
371 2676 536 2747 revenisset,
568 2677 730 2753 egissetque
762 2678 826 2756 lege
860 2678 889 2736 in

9 2826 11 2855 Ρ
105 2773 292 2830 hereditatem
312 2782 460 2848 paternam
483 2769 670 2848 [testamento
696 2773 815 2831 exheres
838 2773 891 2831 firi·
904 2786 937 2837 25

104 2869 174 2949 us]t
214 2867 331 2943 Nempe
349 2868 379 2925 in
400 2867 435 2925 ed
456 2868 544 2925 causa
559 2868 708 2943 quesitum
723 2878 766 2925 est
778 2867 891 2945 dejure

103 2963 193 3035 civili,
220 2973 354 3040 possetne
379 2972 564 3041 paternorum
597 2965 739 3023 bonorum
772 2963 891 3027 exheres
