<?xml version="1.0" encoding="UTF-8"?>
<!DOCTYPE html PUBLIC "-//W3C//DTD XHTML 1.0 Transitional//EN"
    "http://www.w3.org/TR/xhtml1/DTD/xhtml1-transitional.dtd">
<html xmlns="http://www.w3.org/1999/xhtml" xml:lang="en" lang="en">
 <head>
  <title>
</title>
<meta http-equiv="Content-Type" content="text/html;charset=utf-8" />
  <meta name='ocr-system' content='tesseract 3.04.00' />
  <meta name='ocr-capabilities' content='ocr_page ocr_carea ocr_par ocr_line ocrx_word'/>
</head>
<body>
  <div class='ocr_page' id='page_1' title='image "./mtciceronisadqu01dillgoog_0135.png"; bbox 0 0 2167 3567; ppageno 0'>
   <div class='ocr_carea' id='block_1_1' title="bbox 128 270 958 384">
    <p class='ocr_par' dir='ltr' id='par_1_1' title="bbox 128 270 958 384">
     <span class='ocr_line' id='line_1_1' title="bbox 128 270 958 384; baseline 0.001 -17"><span class='ocrx_word' id='word_1_1' title='bbox 128 317 209 380; x_wconf 78' lang='lat' dir='ltr'>nn]</span> <span class='ocrx_word' id='word_1_2' title='bbox 409 315 638 384; x_wconf 71' lang='lat' dir='ltr'>prosarum</span> <span class='ocrx_word' id='word_1_3' title='bbox 716 270 719 278; x_wconf 35' lang='lat'><strong><em>⁴</em></strong></span> <span class='ocrx_word' id='word_1_4' title='bbox 901 308 958 370; x_wconf 77' lang='lat' dir='ltr'>mo</span> 
     </span>
    </p>
   </div>
   <div class='ocr_carea' id='block_1_2' title="bbox 125 464 941 1291">
    <p class='ocr_par' dir='ltr' id='par_1_2' title="bbox 125 464 941 1291">
     <span class='ocr_line' id='line_1_2' title="bbox 128 464 913 538; baseline 0.003 -14"><span class='ocrx_word' id='word_1_5' title='bbox 128 483 166 524; x_wconf 88' lang='lat' dir='ltr'>eo</span> <span class='ocrx_word' id='word_1_6' title='bbox 185 464 348 524; x_wconf 80' lang='lat' dir='ltr'>testimonio</span> <span class='ocrx_word' id='word_1_7' title='bbox 368 464 501 538; x_wconf 87' lang='lat' dir='ltr'>dicendo,</span> <span class='ocrx_word' id='word_1_8' title='bbox 521 465 621 524; x_wconf 87' lang='lat' dir='ltr'>omnia</span> <span class='ocrx_word' id='word_1_9' title='bbox 641 464 763 524; x_wconf 87' lang='lat' dir='ltr'>consilia</span> <span class='ocrx_word' id='word_1_10' title='bbox 782 465 913 526; x_wconf 88' lang='lat' dir='ltr'>consula·</span> 
     </span>
     <span class='ocr_line' id='line_1_3' title="bbox 127 561 912 638; baseline 0.003 -20"><span class='ocrx_word' id='word_1_11' title='bbox 127 562 175 620; x_wconf 74' lang='lat' dir='ltr'>tius</span> <span class='ocrx_word' id='word_1_12' title='bbox 195 562 261 633; x_wconf 91' lang='lat' dir='ltr'>mei,</span> <span class='ocrx_word' id='word_1_13' title='bbox 276 562 379 636; x_wconf 88' lang='lat' dir='ltr'>quibus</span> <span class='ocrx_word' id='word_1_14' title='bbox 399 562 441 619; x_wconf 90' lang='lat' dir='ltr'>illi</span> <span class='ocrx_word' id='word_1_15' title='bbox 462 563 578 620; x_wconf 85' lang='lat' dir='ltr'>tribuno</span> <span class='ocrx_word' id='word_1_16' title='bbox 594 562 686 638; x_wconf 91' lang='lat' dir='ltr'>plebis</span> <span class='ocrx_word' id='word_1_17' title='bbox 699 581 751 638; x_wconf 94' lang='lat' dir='ltr'>pro</span> <span class='ocrx_word' id='word_1_18' title='bbox 764 561 912 637; x_wconf 74' lang='lat' dir='ltr'>republiod</span> 
     </span>
     <span class='ocr_line' id='line_1_4' title="bbox 127 646 912 735; baseline 0 -19"><span class='ocrx_word' id='word_1_19' title='bbox 127 655 305 726; x_wconf 81' lang='lat' dir='ltr'>restitissem,</span> <span class='ocrx_word' id='word_1_20' title='bbox 332 677 450 735; x_wconf 80' lang='lat' dir='ltr'>quasque</span> <span class='ocrx_word' id='word_1_21' title='bbox 475 659 510 716; x_wconf 84' lang='lat' dir='ltr'>ab</span> <span class='ocrx_word' id='word_1_22' title='bbox 531 677 567 715; x_wconf 90' lang='lat' dir='ltr'>eo</span> <span class='ocrx_word' id='word_1_23' title='bbox 587 668 689 716; x_wconf 90' lang='lat' dir='ltr'>contra</span> <span class='ocrx_word' id='word_1_24' title='bbox 708 646 912 734; x_wconf 73' lang='lat' dir='ltr'>rempublicam</span> 
     </span>
     <span class='ocr_line' id='line_1_5' title="bbox 127 754 909 831; baseline -0.003 -17"><span class='ocrx_word' id='word_1_25' title='bbox 127 755 205 814; x_wconf 83' lang='lat' dir='ltr'>sacta</span> <span class='ocrx_word' id='word_1_26' title='bbox 231 755 391 826; x_wconf 86' lang='lat' dir='ltr'>arbitrarer,</span> <span class='ocrx_word' id='word_1_27' title='bbox 415 755 541 831; x_wconf 85' lang='lat' dir='ltr'>exposui.</span> <span class='ocrx_word' id='word_1_28' title='bbox 594 754 653 814; x_wconf 92' lang='lat' dir='ltr'>Diu</span> <span class='ocrx_word' id='word_1_29' title='bbox 680 765 807 812; x_wconf 91' lang='lat' dir='ltr'>retentus</span> <span class='ocrx_word' id='word_1_30' title='bbox 831 775 909 826; x_wconf 89' lang='lat' dir='ltr'>sum;</span> 
     </span>
     <span class='ocr_line' id='line_1_6' title="bbox 126 849 941 928; baseline -0.002 -20"><span class='ocrx_word' id='word_1_31' title='bbox 126 851 217 908; x_wconf 91' lang='lat' dir='ltr'>multa</span> <span class='ocrx_word' id='word_1_32' title='bbox 251 850 360 925; x_wconf 84' lang='lat' dir='ltr'>audivi;</span> <span class='ocrx_word' id='word_1_33' title='bbox 395 850 485 908; x_wconf 88' lang='lat' dir='ltr'>multa</span> <span class='ocrx_word' id='word_1_34' title='bbox 516 850 659 925; x_wconf 82' lang='lat' dir='ltr'>respondi.</span> <span class='ocrx_word' id='word_1_35' title='bbox 713 849 791 907; x_wconf 91' lang='lat' dir='ltr'>Num</span> <span class='ocrx_word' id='word_1_36' title='bbox 821 850 941 928; x_wconf 82' lang='lat' dir='ltr'>igitur5</span> 
     </span>
     <span class='ocr_line' id='line_1_7' title="bbox 125 945 911 1022; baseline 0.003 -20"><span class='ocrx_word' id='word_1_37' title='bbox 125 945 231 1022; x_wconf 89' lang='lat' dir='ltr'>placet,</span> <span class='ocrx_word' id='word_1_38' title='bbox 259 963 324 1005; x_wconf 91' lang='lat' dir='ltr'>cum</span> <span class='ocrx_word' id='word_1_39' title='bbox 351 946 387 1003; x_wconf 89' lang='lat' dir='ltr'>de</span> <span class='ocrx_word' id='word_1_40' title='bbox 421 946 585 1021; x_wconf 72' lang='lat' dir='ltr'>eloquentia</span> <span class='ocrx_word' id='word_1_41' title='bbox 617 945 777 1021; x_wconf 84' lang='lat' dir='ltr'>praecipias,</span> <span class='ocrx_word' id='word_1_42' title='bbox 805 947 911 1022; x_wconf 91' lang='lat' dir='ltr'>aliquid</span> 
     </span>
     <span class='ocr_line' id='line_1_8' title="bbox 127 1041 910 1116; baseline 0.003 -18"><span class='ocrx_word' id='word_1_43' title='bbox 127 1042 214 1099; x_wconf 88' lang='lat' dir='ltr'>etiam</span> <span class='ocrx_word' id='word_1_44' title='bbox 245 1042 282 1099; x_wconf 90' lang='lat' dir='ltr'>de</span> <span class='ocrx_word' id='word_1_45' title='bbox 314 1041 485 1100; x_wconf 78' lang='lat' dir='ltr'>testimoniis</span> <span class='ocrx_word' id='word_1_46' title='bbox 518 1041 659 1112; x_wconf 85' lang='lat' dir='ltr'>dicendis,</span> <span class='ocrx_word' id='word_1_47' title='bbox 687 1041 766 1116; x_wconf 82' lang='lat' dir='ltr'>quasi</span> <span class='ocrx_word' id='word_1_48' title='bbox 793 1043 823 1100; x_wconf 91' lang='lat' dir='ltr'>in</span> <span class='ocrx_word' id='word_1_49' title='bbox 851 1053 910 1100; x_wconf 86' lang='lat' dir='ltr'>arte</span> 
     </span>
     <span class='ocr_line' id='line_1_9' title="bbox 126 1136 910 1212; baseline 0.001 -16"><span class='ocrx_word' id='word_1_50' title='bbox 126 1138 259 1198; x_wconf 78' lang='lat' dir='ltr'>traderet</span> <span class='ocrx_word' id='word_1_51' title='bbox 312 1136 394 1194; x_wconf 92' lang='lat' dir='ltr'>Nihil</span> <span class='ocrx_word' id='word_1_52' title='bbox 421 1155 500 1210; x_wconf 86' lang='lat' dir='ltr'>sane,</span> <span class='ocrx_word' id='word_1_53' title='bbox 522 1136 615 1212; x_wconf 89' lang='lat' dir='ltr'>inquit</span> <span class='ocrx_word' id='word_1_54' title='bbox 641 1136 771 1209; x_wconf 83' lang='lat' dir='ltr'>Catulus,</span> <span class='ocrx_word' id='word_1_55' title='bbox 792 1156 910 1198; x_wconf 86' lang='lat' dir='ltr'>necesse</span> 
     </span>
     <span class='ocr_line' id='line_1_10' title="bbox 125 1243 178 1291; baseline 0 0"><span class='ocrx_word' id='word_1_56' title='bbox 125 1243 178 1291; x_wconf 87' lang='lat' dir='ltr'>est.</span> 
     </span>
    </p>
   </div>
   <div class='ocr_carea' id='block_1_3' title="bbox 122 1424 1002 3134">
    <p class='ocr_par' dir='ltr' id='par_1_3' title="bbox 122 1424 1002 3134">
     <span class='ocr_line' id='line_1_11' title="bbox 165 1424 954 1502; baseline -0.001 -19"><span class='ocrx_word' id='word_1_57' title='bbox 165 1424 236 1484; x_wconf 90' lang='lat' dir='ltr'>XII.</span> <span class='ocrx_word' id='word_1_58' title='bbox 266 1425 350 1488; x_wconf 80' lang='lat' dir='ltr'>Quid</span> <span class='ocrx_word' id='word_1_59' title='bbox 364 1425 388 1484; x_wconf 88' lang='lat' dir='ltr'>si</span> <span class='ocrx_word' id='word_1_60' title='bbox 403 1424 493 1502; x_wconf 85' lang='lat' dir='ltr'>(quod</span> <span class='ocrx_word' id='word_1_61' title='bbox 513 1444 589 1502; x_wconf 72' lang='lat' dir='ltr'>sape</span> <span class='ocrx_word' id='word_1_62' title='bbox 609 1426 727 1484; x_wconf 88' lang='lat' dir='ltr'>summis</span> <span class='ocrx_word' id='word_1_63' title='bbox 747 1426 814 1484; x_wconf 85' lang='lat' dir='ltr'>viris</span> <span class='ocrx_word' id='word_1_64' title='bbox 835 1427 954 1485; x_wconf 83' lang='lat' dir='ltr'>acci-1⁰</span> 
     </span>
     <span class='ocr_line' id='line_1_12' title="bbox 126 1520 908 1601; baseline 0.003 -21"><span class='ocrx_word' id='word_1_65' title='bbox 126 1520 184 1601; x_wconf 90' lang='lat' dir='ltr'>dit)</span> <span class='ocrx_word' id='word_1_66' title='bbox 205 1522 339 1583; x_wconf 85' lang='lat' dir='ltr'>mandata</span> <span class='ocrx_word' id='word_1_67' title='bbox 358 1523 415 1580; x_wconf 88' lang='lat' dir='ltr'>siut</span> <span class='ocrx_word' id='word_1_68' title='bbox 434 1523 612 1600; x_wconf 82' lang='lat' dir='ltr'>exponenda,</span> <span class='ocrx_word' id='word_1_69' title='bbox 634 1533 683 1580; x_wconf 92' lang='lat' dir='ltr'>aut</span> <span class='ocrx_word' id='word_1_70' title='bbox 702 1523 732 1580; x_wconf 91' lang='lat' dir='ltr'>in</span> <span class='ocrx_word' id='word_1_71' title='bbox 752 1534 853 1582; x_wconf 88' lang='lat' dir='ltr'>senatu</span> <span class='ocrx_word' id='word_1_72' title='bbox 873 1525 908 1582; x_wconf 86' lang='lat' dir='ltr'>ab</span> 
     </span>
     <span class='ocr_line' id='line_1_13' title="bbox 127 1617 908 1697; baseline 0 -19"><span class='ocrx_word' id='word_1_73' title='bbox 127 1617 306 1696; x_wconf 76' lang='lat' dir='ltr'>imperatore,</span> <span class='ocrx_word' id='word_1_74' title='bbox 328 1629 377 1677; x_wconf 88' lang='lat' dir='ltr'>aut</span> <span class='ocrx_word' id='word_1_75' title='bbox 398 1619 433 1676; x_wconf 89' lang='lat' dir='ltr'>ad</span> <span class='ocrx_word' id='word_1_76' title='bbox 452 1619 653 1695; x_wconf 73' lang='lat' dir='ltr'>imperatorem</span> <span class='ocrx_word' id='word_1_77' title='bbox 675 1629 723 1677; x_wconf 88' lang='lat' dir='ltr'>ant</span> <span class='ocrx_word' id='word_1_78' title='bbox 750 1619 786 1676; x_wconf 91' lang='lat' dir='ltr'>ad</span> <span class='ocrx_word' id='word_1_79' title='bbox 811 1639 908 1697; x_wconf 83' lang='lat' dir='ltr'>regem</span> 
     </span>
     <span class='ocr_line' id='line_1_14' title="bbox 125 1714 910 1794; baseline 0.005 -22"><span class='ocrx_word' id='word_1_80' title='bbox 125 1723 176 1793; x_wconf 83' lang='lat' dir='ltr'>aut</span> <span class='ocrx_word' id='word_1_81' title='bbox 197 1714 232 1773; x_wconf 94' lang='lat' dir='ltr'>ad</span> <span class='ocrx_word' id='word_1_82' title='bbox 251 1715 388 1794; x_wconf 89' lang='lat' dir='ltr'>populum</span> <span class='ocrx_word' id='word_1_83' title='bbox 415 1715 537 1790; x_wconf 80' lang='lat' dir='ltr'>aliquem</span> <span class='ocrx_word' id='word_1_84' title='bbox 559 1735 577 1773; x_wconf 92' lang='lat' dir='ltr'>a</span> <span class='ocrx_word' id='word_1_85' title='bbox 595 1717 716 1774; x_wconf 87' lang='lat' dir='ltr'>senatul</span> <span class='ocrx_word' id='word_1_86' title='bbox 743 1735 821 1787; x_wconf 92' lang='lat' dir='ltr'>num,</span> <span class='ocrx_word' id='word_1_87' title='bbox 843 1717 910 1792; x_wconf 91' lang='lat' dir='ltr'>quia</span> 
     </span>
     <span class='ocr_line' id='line_1_15' title="bbox 126 1811 908 1894; baseline 0.004 -27"><span class='ocrx_word' id='word_1_88' title='bbox 126 1829 231 1888; x_wconf 80' lang='lat' dir='ltr'>genere</span> <span class='ocrx_word' id='word_1_89' title='bbox 245 1811 382 1894; x_wconf 87' lang='lat' dir='ltr'>orationis</span> <span class='ocrx_word' id='word_1_90' title='bbox 396 1811 425 1870; x_wconf 91' lang='lat' dir='ltr'>in</span> <span class='ocrx_word' id='word_1_91' title='bbox 440 1811 602 1887; x_wconf 87' lang='lat' dir='ltr'>hujusmodi</span> <span class='ocrx_word' id='word_1_92' title='bbox 621 1812 715 1870; x_wconf 88' lang='lat' dir='ltr'>causis</span> <span class='ocrx_word' id='word_1_93' title='bbox 730 1813 908 1870; x_wconf 80' lang='lat' dir='ltr'>accuratiore</span> 
     </span>
     <span class='ocr_line' id='line_1_16' title="bbox 126 1907 955 1983; baseline 0.002 -19"><span class='ocrx_word' id='word_1_94' title='bbox 126 1916 170 1964; x_wconf 86' lang='lat' dir='ltr'>est</span> <span class='ocrx_word' id='word_1_95' title='bbox 189 1908 335 1980; x_wconf 87' lang='lat' dir='ltr'>utendum,</span> <span class='ocrx_word' id='word_1_96' title='bbox 355 1907 464 1966; x_wconf 87' lang='lat' dir='ltr'>idcirco</span> <span class='ocrx_word' id='word_1_97' title='bbox 484 1926 549 1983; x_wconf 88' lang='lat' dir='ltr'>pars</span> <span class='ocrx_word' id='word_1_98' title='bbox 569 1908 655 1964; x_wconf 91' lang='lat' dir='ltr'>etiam</span> <span class='ocrx_word' id='word_1_99' title='bbox 676 1909 737 1966; x_wconf 81' lang='lat' dir='ltr'>haec</span> <span class='ocrx_word' id='word_1_100' title='bbox 758 1917 955 1966; x_wconf 83' lang='lat' dir='ltr'>causarum15</span> 
     </span>
     <span class='ocr_line' id='line_1_17' title="bbox 125 1999 909 2080; baseline 0.003 -20"><span class='ocrx_word' id='word_1_101' title='bbox 125 1999 304 2061; x_wconf 84' lang='lat' dir='ltr'>numeranda</span> <span class='ocrx_word' id='word_1_102' title='bbox 329 2003 449 2075; x_wconf 82' lang='lat' dir='ltr'>videtur,</span> <span class='ocrx_word' id='word_1_103' title='bbox 472 2013 520 2062; x_wconf 87' lang='lat' dir='ltr'>ant</span> <span class='ocrx_word' id='word_1_104' title='bbox 546 2003 668 2080; x_wconf 89' lang='lat' dir='ltr'>propriis</span> <span class='ocrx_word' id='word_1_105' title='bbox 694 2005 844 2079; x_wconf 79' lang='lat' dir='ltr'>praeceptis</span> <span class='ocrx_word' id='word_1_106' title='bbox 867 2005 909 2062; x_wconf 88' lang='lat' dir='ltr'>in·</span> 
     </span>
     <span class='ocr_line' id='line_1_18' title="bbox 126 2099 908 2174; baseline 0.003 -18"><span class='ocrx_word' id='word_1_107' title='bbox 126 2099 279 2158; x_wconf 84' lang='lat' dir='ltr'>struendal</span> <span class='ocrx_word' id='word_1_108' title='bbox 319 2099 441 2157; x_wconf 88' lang='lat' dir='ltr'>Minime</span> <span class='ocrx_word' id='word_1_109' title='bbox 468 2118 545 2171; x_wconf 87' lang='lat' dir='ltr'>vero,</span> <span class='ocrx_word' id='word_1_110' title='bbox 567 2099 659 2174; x_wconf 91' lang='lat' dir='ltr'>inquit</span> <span class='ocrx_word' id='word_1_111' title='bbox 686 2099 821 2158; x_wconf 88' lang='lat' dir='ltr'>Catulus:</span> <span class='ocrx_word' id='word_1_112' title='bbox 848 2118 908 2158; x_wconf 91' lang='lat' dir='ltr'>non</span> 
     </span>
     <span class='ocr_line' id='line_1_19' title="bbox 126 2194 907 2270; baseline 0.005 -20"><span class='ocrx_word' id='word_1_113' title='bbox 126 2194 203 2253; x_wconf 85' lang='lat' dir='ltr'>enim</span> <span class='ocrx_word' id='word_1_114' title='bbox 224 2195 314 2252; x_wconf 89' lang='lat' dir='ltr'>deerit</span> <span class='ocrx_word' id='word_1_115' title='bbox 336 2195 445 2252; x_wconf 91' lang='lat' dir='ltr'>homini</span> <span class='ocrx_word' id='word_1_116' title='bbox 466 2195 574 2252; x_wconf 89' lang='lat' dir='ltr'>diserto</span> <span class='ocrx_word' id='word_1_117' title='bbox 600 2195 629 2252; x_wconf 90' lang='lat' dir='ltr'>in</span> <span class='ocrx_word' id='word_1_118' title='bbox 656 2195 796 2270; x_wconf 79' lang='lat' dir='ltr'>ejusmodi</span> <span class='ocrx_word' id='word_1_119' title='bbox 822 2197 907 2254; x_wconf 89' lang='lat' dir='ltr'>rebus</span> 
     </span>
     <span class='ocr_line' id='line_1_20' title="bbox 127 2289 1002 2367; baseline 0.001 -19"><span class='ocrx_word' id='word_1_120' title='bbox 127 2289 256 2362; x_wconf 83' lang='lat' dir='ltr'>facultas,</span> <span class='ocrx_word' id='word_1_121' title='bbox 278 2292 435 2350; x_wconf 80' lang='lat' dir='ltr'>exactetis</span> <span class='ocrx_word' id='word_1_122' title='bbox 462 2292 548 2350; x_wconf 89' lang='lat' dir='ltr'>rebus</span> <span class='ocrx_word' id='word_1_123' title='bbox 568 2301 597 2348; x_wconf 85' lang='lat' dir='ltr'>et</span> <span class='ocrx_word' id='word_1_124' title='bbox 616 2291 712 2348; x_wconf 89' lang='lat' dir='ltr'>causis</span> <span class='ocrx_word' id='word_1_125' title='bbox 734 2292 909 2367; x_wconf 73' lang='lat' dir='ltr'>comparata</span> <span class='ocrx_word' id='word_1_126' title='bbox 997 2353 1002 2360; x_wconf 21' lang='lat'><em>¹</em></span> 
     </span>
     <span class='ocr_line' id='line_1_21' title="bbox 125 2385 955 2464; baseline 0.005 -20"><span class='ocrx_word' id='word_1_127' title='bbox 125 2385 204 2462; x_wconf 79' lang='lat' dir='ltr'>Ergo</span> <span class='ocrx_word' id='word_1_128' title='bbox 217 2385 295 2458; x_wconf 88' lang='lat' dir='ltr'>item,</span> <span class='ocrx_word' id='word_1_129' title='bbox 310 2387 411 2462; x_wconf 89' lang='lat' dir='ltr'>inquit,</span> <span class='ocrx_word' id='word_1_130' title='bbox 426 2386 483 2458; x_wconf 93' lang='lat' dir='ltr'>illa,</span> <span class='ocrx_word' id='word_1_131' title='bbox 498 2406 561 2463; x_wconf 82' lang='lat' dir='ltr'>quae</span> <span class='ocrx_word' id='word_1_132' title='bbox 577 2406 651 2462; x_wconf 80' lang='lat' dir='ltr'>saepe</span> <span class='ocrx_word' id='word_1_133' title='bbox 672 2387 777 2444; x_wconf 87' lang='lat' dir='ltr'>diserte</span> <span class='ocrx_word' id='word_1_134' title='bbox 797 2389 907 2464; x_wconf 87' lang='lat' dir='ltr'>agenda</span> <span class='ocrx_word' id='word_1_135' title='bbox 922 2400 955 2449; x_wconf 75' lang='lat'>20</span> 
     </span>
     <span class='ocr_line' id='line_1_22' title="bbox 125 2483 905 2561; baseline 0.001 -21"><span class='ocrx_word' id='word_1_136' title='bbox 125 2493 201 2555; x_wconf 81' lang='lat' dir='ltr'>sunt,</span> <span class='ocrx_word' id='word_1_137' title='bbox 217 2492 246 2540; x_wconf 86' lang='lat' dir='ltr'>et</span> <span class='ocrx_word' id='word_1_138' title='bbox 265 2499 327 2558; x_wconf 83' lang='lat' dir='ltr'>quae</span> <span class='ocrx_word' id='word_1_139' title='bbox 348 2501 403 2560; x_wconf 83' lang='lat' dir='ltr'>ego</span> <span class='ocrx_word' id='word_1_140' title='bbox 422 2483 507 2559; x_wconf 92' lang='lat' dir='ltr'>paulo</span> <span class='ocrx_word' id='word_1_141' title='bbox 529 2492 594 2540; x_wconf 90' lang='lat' dir='ltr'>ante</span> <span class='ocrx_word' id='word_1_142' title='bbox 615 2483 695 2559; x_wconf 79' lang='lat' dir='ltr'>(cum</span> <span class='ocrx_word' id='word_1_143' title='bbox 716 2484 905 2561; x_wconf 87' lang='lat' dir='ltr'>eloquentiam</span> 
     </span>
     <span class='ocr_line' id='line_1_23' title="bbox 124 2577 905 2658; baseline 0.003 -22"><span class='ocrx_word' id='word_1_144' title='bbox 124 2577 284 2658; x_wconf 89' lang='lat' dir='ltr'>laudarem)</span> <span class='ocrx_word' id='word_1_145' title='bbox 299 2579 359 2637; x_wconf 83' lang='lat' dir='ltr'>dixi</span> <span class='ocrx_word' id='word_1_146' title='bbox 372 2579 490 2638; x_wconf 86' lang='lat' dir='ltr'>oratoris</span> <span class='ocrx_word' id='word_1_147' title='bbox 504 2597 577 2650; x_wconf 87' lang='lat' dir='ltr'>esse,</span> <span class='ocrx_word' id='word_1_148' title='bbox 591 2598 684 2655; x_wconf 87' lang='lat' dir='ltr'>neque</span> <span class='ocrx_word' id='word_1_149' title='bbox 698 2580 804 2638; x_wconf 86' lang='lat' dir='ltr'>habent</span> <span class='ocrx_word' id='word_1_150' title='bbox 822 2600 905 2638; x_wconf 89' lang='lat' dir='ltr'>suum</span> 
     </span>
     <span class='ocr_line' id='line_1_24' title="bbox 124 2673 906 2752; baseline 0.004 -20"><span class='ocrx_word' id='word_1_151' title='bbox 124 2673 221 2732; x_wconf 88' lang='lat' dir='ltr'>locum</span> <span class='ocrx_word' id='word_1_152' title='bbox 235 2674 324 2735; x_wconf 89' lang='lat' dir='ltr'>ullum</span> <span class='ocrx_word' id='word_1_153' title='bbox 337 2675 368 2749; x_wconf 83' lang='lat' dir='ltr'>iq</span> <span class='ocrx_word' id='word_1_154' title='bbox 382 2675 521 2734; x_wconf 84' lang='lat' dir='ltr'>divisione</span> <span class='ocrx_word' id='word_1_155' title='bbox 536 2675 669 2751; x_wconf 89' lang='lat' dir='ltr'>partium,</span> <span class='ocrx_word' id='word_1_156' title='bbox 683 2694 776 2752; x_wconf 88' lang='lat' dir='ltr'>neque</span> <span class='ocrx_word' id='word_1_157' title='bbox 796 2687 906 2735; x_wconf 90' lang='lat' dir='ltr'>certum</span> 
     </span>
     <span class='ocr_line' id='line_1_25' title="bbox 122 2770 906 2848; baseline 0.004 -22"><span class='ocrx_word' id='word_1_158' title='bbox 122 2781 333 2848; x_wconf 79' lang='lat' dir='ltr'>praeceptorum</span> <span class='ocrx_word' id='word_1_159' title='bbox 355 2790 446 2848; x_wconf 83' lang='lat' dir='ltr'>genus</span> <span class='ocrx_word' id='word_1_160' title='bbox 465 2781 495 2828; x_wconf 90' lang='lat' dir='ltr'>et</span> <span class='ocrx_word' id='word_1_161' title='bbox 518 2770 630 2848; x_wconf 82' lang='lat' dir='ltr'>agenda</span> <span class='ocrx_word' id='word_1_162' title='bbox 648 2782 715 2830; x_wconf 86' lang='lat' dir='ltr'>sunt</span> <span class='ocrx_word' id='word_1_163' title='bbox 733 2790 790 2830; x_wconf 91' lang='lat' dir='ltr'>non</span> <span class='ocrx_word' id='word_1_164' title='bbox 810 2770 906 2830; x_wconf 86' lang='lat' dir='ltr'>minus</span> 
     </span>
     <span class='ocr_line' id='line_1_26' title="bbox 124 2866 954 2946; baseline 0.005 -22"><span class='ocrx_word' id='word_1_165' title='bbox 124 2866 240 2938; x_wconf 83' lang='lat' dir='ltr'>diserte,</span> <span class='ocrx_word' id='word_1_166' title='bbox 260 2887 345 2944; x_wconf 90' lang='lat' dir='ltr'>quam</span> <span class='ocrx_word' id='word_1_167' title='bbox 365 2887 428 2946; x_wconf 79' lang='lat' dir='ltr'>qum</span> <span class='ocrx_word' id='word_1_168' title='bbox 448 2867 478 2926; x_wconf 90' lang='lat' dir='ltr'>in</span> <span class='ocrx_word' id='word_1_169' title='bbox 498 2867 548 2926; x_wconf 91' lang='lat' dir='ltr'>lite</span> <span class='ocrx_word' id='word_1_170' title='bbox 571 2867 716 2940; x_wconf 89' lang='lat' dir='ltr'>dicuntur,</span> <span class='ocrx_word' id='word_1_171' title='bbox 736 2867 905 2944; x_wconf 86' lang='lat' dir='ltr'>objurgatio,</span> <span class='ocrx_word' id='word_1_172' title='bbox 921 2879 954 2928; x_wconf 78' lang='lat'>25</span> 
     </span>
     <span class='ocr_line' id='line_1_27' title="bbox 125 2963 905 3039; baseline -0.004 -15"><span class='ocrx_word' id='word_1_173' title='bbox 125 2963 296 3036; x_wconf 83' lang='lat' dir='ltr'>cohortatio,</span> <span class='ocrx_word' id='word_1_174' title='bbox 318 2964 494 3024; x_wconf 89' lang='lat' dir='ltr'>consolatio:</span> <span class='ocrx_word' id='word_1_175' title='bbox 522 2983 642 3039; x_wconf 88' lang='lat' dir='ltr'>quorum</span> <span class='ocrx_word' id='word_1_176' title='bbox 663 2963 734 3021; x_wconf 91' lang='lat' dir='ltr'>nihil</span> <span class='ocrx_word' id='word_1_177' title='bbox 755 2974 808 3034; x_wconf 88' lang='lat' dir='ltr'>est,</span> <span class='ocrx_word' id='word_1_178' title='bbox 829 2964 905 3038; x_wconf 91' lang='lat' dir='ltr'>quod</span> 
     </span>
     <span class='ocr_line' id='line_1_28' title="bbox 124 3059 906 3134; baseline -0.004 -13"><span class='ocrx_word' id='word_1_179' title='bbox 124 3076 184 3121; x_wconf 82' lang='lat' dir='ltr'>ooo</span> <span class='ocrx_word' id='word_1_180' title='bbox 196 3077 309 3122; x_wconf 85' lang='lat' dir='ltr'>summa</span> <span class='ocrx_word' id='word_1_181' title='bbox 322 3059 438 3120; x_wconf 85' lang='lat' dir='ltr'>dicendi</span> <span class='ocrx_word' id='word_1_182' title='bbox 459 3071 607 3134; x_wconf 83' lang='lat' dir='ltr'>aramenta</span> <span class='ocrx_word' id='word_1_183' title='bbox 626 3059 785 3119; x_wconf 86' lang='lat' dir='ltr'>desideret:</span> <span class='ocrx_word' id='word_1_184' title='bbox 806 3061 906 3118; x_wconf 80' lang='lat' dir='ltr'>seder</span> 
     </span>
    </p>
   </div>
   <div class='ocr_carea' id='block_1_4' title="bbox 0 0 1088 3567">
    <p class='ocr_par' dir='ltr' id='par_1_4' title="bbox 0 0 1088 3567">
     <span class='ocr_line' id='line_1_29' title="bbox 0 0 1088 3567; baseline 0 0"><span class='ocrx_word' id='word_1_185' title='bbox 0 0 1088 3567; x_wconf 95' lang='lat' dir='ltr'> </span> 
     </span>
    </p>
   </div>
  </div>
 </body>
</html>
