2167 3567
156 311 213 370 132
470 317 515 366 na
536 315 699 366 carrona.
898 315 982 378 [nrt

199 468 257 537 tiis,
272 467 455 526 illustrentur.
495 468 585 544 Atqui
604 487 642 524 ne
662 467 739 525 hunc
753 463 878 541 quidem,
893 483 983 540 quan·

199 583 284 640 quam
297 575 340 622 est
353 565 383 622 in
397 563 544 640 republich
564 574 700 634 versatus,
714 581 750 619 ex
763 579 881 620 numero
899 579 981 619 acce·

198 661 292 736 pimus
317 679 414 716 eorum
441 660 489 735 qui
520 679 622 717 causas
653 658 837 728 dictittirunt3
870 667 900 715 et
927 657 980 714 hos

198 757 285 813 libros
311 767 370 813 tum
398 756 545 831 scripsisse
571 755 687 827 dicitur,
709 773 774 811 cum
796 751 979 830 erepublicit

166 861 332 923 5remotus,
349 863 430 927 atque
452 852 495 928 (id
516 853 590 926 quod
611 851 720 926 optimo
738 850 841 925 cuique
854 850 979 906 Athenis

198 948 330 1006 accidere
352 948 465 1018 solitum
486 948 542 1026 est)
569 947 598 1004 iu
619 945 749 1004 exsilium
773 947 871 1021 pulsus
893 955 977 1003 esset.

197 1044 286 1102 Hunc
307 1055 479 1102 consecutus
499 1053 543 1101 est
565 1043 735 1118 Syracusius
755 1041 900 1114 Philistus,
918 1040 977 1116 qui,

197 1161 263 1199 cum
300 1141 432 1216 Dionysii
468 1141 581 1216 tyranni
618 1139 854 1197 familiarissimus
891 1148 976 1210 esset,

196 1238 285 1296 otium
313 1257 394 1295 suum
422 1237 581 1294 consumsit
607 1235 636 1293 in
664 1235 781 1292 historid
814 1234 977 1306 scribendi,

151 1345 182 1394 10
197 1335 374 1408 maximeque
387 1332 589 1408 Thucydidem
604 1341 656 1402 ast,
671 1331 745 1388 sicut
766 1330 835 1386 mihi
855 1330 976 1401 videtur,

196 1429 330 1486 imitatus.
372 1429 476 1485 Postea
489 1447 566 1498 vero,
581 1427 661 1501 quasi
681 1445 716 1483 ex
736 1426 894 1483 clarissimd
914 1425 977 1481 rho·

196 1525 266 1581 toris
292 1525 418 1595 officina,
445 1524 502 1581 duo
529 1532 693 1600 praestantes
725 1521 852 1598 iugenio,
879 1521 977 1578 Theo·

195 1637 316 1698 pompus
335 1631 363 1677 et
384 1621 526 1695 Ephorus,
549 1620 585 1676 ah
611 1617 736 1676 Isocrate
762 1617 899 1694 magistro
926 1617 978 1674 im·

192 1717 279 1791 pulsi,
313 1735 344 1772 se
382 1717 416 1772 ad
453 1715 601 1772 historiam
638 1713 837 1771 contulerunt:
874 1732 979 1770 causas

150 1826 181 1874 15
195 1812 314 1870 omnino
333 1829 479 1888 nunquam
501 1811 664 1888 attigerunt.

235 2005 317 2064 XIV.
348 2005 481 2080 Denique
499 2003 585 2062 etiam
602 2003 816 2079 aphilosophih
832 2003 977 2079 profectus

192 2103 327 2179 princeps
353 2099 527 2178 Xenophon,
555 2101 721 2158 Socraticus
748 2101 812 2170 ille;
841 2110 915 2176 post,
940 2101 978 2158 ah

195 2199 360 2270 Aristotele,
374 2198 575 2269 Callisthenes,
590 2214 688 2254 comes
708 2195 875 2267 Alexandri,
888 2195 978 2272 scrip·

193 2295 231 2352 sit
257 2295 421 2364 historiam
454 2303 483 2352 et
509 2293 559 2350 hic
584 2293 699 2368 quidem
726 2291 869 2349 rhetorico
895 2309 978 2367 poene

147 2400 180 2451 ω
195 2411 289 2449 more:
310 2391 359 2448 ille
373 2401 467 2448 autem
488 2389 616 2466 superior
635 2389 745 2446 leniore
764 2388 887 2464 quodam
904 2405 978 2445 sono

193 2497 238 2544 est
264 2505 342 2558 usus,
369 2496 398 2543 et
424 2487 473 2560 qui
500 2486 581 2543 illum
607 2485 744 2561 impetum
770 2484 890 2542 cratoris
916 2501 976 2540 non

194 2583 312 2652 haheat;
333 2583 486 2640 vehemens
506 2581 625 2639 sortasse
644 2581 748 2652 minus,
762 2581 812 2638 sed
832 2581 979 2656 aliquanto

193 2689 289 2736 tamen
316 2688 368 2750 est,
395 2688 428 2735 ut
459 2678 530 2735 mihi
563 2676 678 2752 quidem
707 2677 827 2749 videtur,
855 2677 977 2734 dulcior.

194 2774 333 2833 Minimus
346 2784 415 2834 natu
429 2773 530 2832 horum
543 2772 671 2832 omnium
685 2772 823 2844 limans,
838 2783 977 2848 quantum

148 2880 181 2932 Β
196 2880 290 2928 autem
308 2869 437 2947 judicare
455 2887 582 2946 possum,
603 2868 690 2946 longe
708 2868 927 2939 cruditissimus,
946 2877 977 2924 ct

194 2984 290 3024 rerum
303 2965 387 3042 copiti
402 2975 432 3022 et
451 2965 656 3022 sententiarum
675 2965 811 3022 varietate
831 2961 978 3021 abuudan-

194 3060 331 3134 tissiotus,
357 3072 386 3122 ct
412 3061 476 3142 ipah
505 3059 717 3139 compositione
744 3060 893 3121 verborum
917 3074 977 3118 uon
