2167 3567
128 311 209 375 unq
411 317 454 368 ns
476 317 641 365 calmas.
906 309 963 370 139

129 461 264 520 iuimicus
282 463 336 522 tibi
356 473 415 534 est;
437 483 503 523 cum
525 476 575 523 aut
594 465 742 524 docendus
756 464 781 523 is
796 475 850 537 est,
869 476 919 525 aut

129 559 324 632 dedocendus,
354 572 401 619 ant
431 563 639 638 reprimendus,
667 573 716 629 ant
743 563 917 635 incitandus,

129 665 178 712 aut
192 656 270 714 omni
285 658 395 716 ratione
411 658 445 716 ad
460 669 583 735 tempus,
599 660 633 718 ad
648 679 775 731 causam,
789 659 918 718 oratione
944 712 946 715 .

128 752 335 812 moderandus:
349 754 392 831 (in
404 773 461 830 quo
472 774 548 831 sepe
558 756 756 814 benevolentia
764 757 799 814 ad
807 756 916 828 odium

128 848 226 906 odium
255 861 350 908 autem
383 851 417 909 ad
453 852 682 910 benevolentiam
715 852 948 912 deducendum5

128 955 172 1002 est
182 947 203 1024 z)
219 946 278 1020 qui,
293 957 428 1022 tanquam
448 948 664 1006 machinatione
681 949 786 1024 aliqui,
800 960 861 1007 tum
881 949 918 1007 ad

128 1041 319 1114 severitatem,
333 1053 395 1100 tum
417 1045 452 1100 ad
472 1043 670 1102 remissionem
691 1045 789 1117 anion,
803 1055 864 1102 tum
881 1045 918 1102 ad

128 1137 283 1210 tristitiam,
303 1149 365 1196 tum
387 1139 422 1196 ad
445 1139 583 1211 letitiam,
605 1150 648 1197 est
674 1142 916 1216 contorquendus.

128 1233 268 1292 Omnium
288 1236 494 1293 sententiarum
513 1237 662 1313 gravitate,
677 1237 805 1295 omnium
819 1239 919 1295 verbo·

129 1348 192 1390 rum
206 1331 391 1406 ponderibus,
406 1343 449 1390 est
464 1333 611 1390 utendum.
652 1333 785 1391 Accedat
805 1344 917 1409 oportet
933 1345 965 1395 1⁰

131 1426 207 1484 actio
227 1427 314 1500 varia,
335 1428 499 1500 vehemens,
514 1428 600 1505 plena
620 1429 718 1501 animi,
733 1429 818 1505 plena
836 1429 918 1506 spiri·

128 1522 186 1594 tiva,
199 1523 286 1599 plena
304 1523 421 1596 doloris,
435 1524 521 1600 plena
540 1525 675 1582 veritatis.
716 1525 750 1583 ln
767 1525 812 1582 his
825 1525 917 1603 operi-

129 1617 184 1676 bus
210 1619 234 1676 si
261 1619 325 1694 quis
356 1620 433 1678 illam
467 1632 558 1680 artem
589 1621 847 1696 comprehenderit,
874 1632 933 1693 nt,

129 1724 264 1790 tanquam
284 1716 411 1788 Phidias,
427 1715 565 1776 Minervas
586 1717 700 1795 signum
721 1717 836 1778 efficere
853 1737 918 1794 pos·

129 1811 183 1882 sit;
207 1829 266 1870 non
285 1832 365 1885 saue,
386 1813 627 1888 quemadmodum
654 1813 684 1872 in
711 1814 813 1890 clypeo
840 1814 916 1873 idem
933 1828 965 1876 1⁵

130 1909 178 1970 ille
205 1911 306 1970 artifex
338 1913 450 1971 minora
482 1911 532 1970 illa
564 1931 653 1988 opera
684 1912 781 1970 facere
812 1912 917 1986 discat,

129 2005 278 2066 laborabit.

168 2201 282 2261 XVIII.
314 2201 394 2263 Tum
421 2202 559 2262 Catulus:
584 2201 657 2265 Quo
677 2203 733 2261 ists
752 2202 862 2280 majora
882 2220 917 2260 ac

130 2298 307 2357 mirabiliora
338 2299 442 2373 fecisti,
469 2319 505 2358 eo
538 2318 585 2356 me
618 2299 709 2375 major
741 2299 917 2374 exspectatio

129 2401 218 2467 tenet,
233 2397 405 2471 quibusnam
425 2396 595 2467 rationibus,
610 2395 749 2471 quibusve
767 2395 918 2471 preceptis
931 2406 964 2456 2⁰

130 2513 166 2552 ea
185 2504 264 2552 tauta
278 2495 320 2552 vis
340 2506 536 2570 comparetur:
561 2513 620 2552 nou
640 2511 699 2569 quo
718 2511 783 2552 mea
802 2493 917 2568 quidem

124 2589 187 2667 *jam
208 2591 319 2648 intersit
340 2589 446 2666 (neque
467 2591 546 2649 enim
559 2602 628 2649 atas
642 2591 671 2649 id
685 2609 751 2648 mea
763 2590 916 2660 desiderat,

130 2697 160 2744 et
187 2686 264 2745 aliud
291 2687 435 2762 quoddam
464 2706 556 2764 genus
589 2687 707 2745 dicendi
739 2706 792 2746 uos
823 2685 917 2744 secuti

129 2802 237 2854 sumus,
265 2783 314 2858 qui
345 2801 492 2858 uunquam
526 2783 684 2842 sententias
716 2783 753 2840 de
785 2782 918 2840 maribus

127 2879 259 2957 judicum
293 2878 319 2937 vi
347 2879 471 2954 quidam
503 2879 642 2938 orationis
675 2879 854 2950 extorsimus,
882 2883 963 2936 aaz

129 2975 226 3052 potius
245 2974 366 3051 placatis
385 2993 485 3032 eorum
505 2976 619 3050 animia,
638 2985 761 3047 tantum,
779 2984 918 3050 quantum

130 3071 186 3149 ipsi
198 3071 389 3150 patiebantur,
401 3071 597 3151 accepimov);
618 3072 669 3132 aad
679 3081 776 3133 temen
789 3071 845 3130 ista
856 3080 920 3144 tam
