2167 3567
88 336 162 397 ns]
376 339 418 385 os
439 340 603 387 onsross.
885 328 926 388 86

133 484 198 545 Hic
222 486 353 559 Crassus,
382 486 539 560 Memento,
564 488 666 563 inquit,
687 506 734 546 me
759 506 817 547 non
842 488 881 546 de

90 582 172 655 mei,
193 583 242 640 sed
263 584 299 640 de
319 584 440 641 oratoris
471 585 607 643 facultate
634 585 748 643 dixisse.
795 585 879 647 Quid

89 679 172 735 enim
193 697 247 736 nos
268 690 316 737 aut
332 680 495 752 didicimus,
512 691 560 737 aut
573 681 648 738 scire
660 682 814 758 potuimus,
829 680 878 757 qui

91 786 160 831 ante
176 776 212 832 ad
227 778 379 852 agendum,
394 796 479 851 quam
494 777 528 834 ad
544 778 778 853 cognoscendum
801 778 879 835 reni·

88 890 174 941 mus;
196 890 268 946 quos
288 873 317 931 in
339 873 411 944 soro,
432 892 504 947 quos
525 873 554 929 in
576 874 742 947 ambitione,
756 894 828 949 quos
848 874 910 932 int

88 968 253 1042 republicis,
275 988 346 1042 quos
367 969 396 1025 in
418 970 576 1027 amicorum
597 970 731 1046 negotiis,
751 988 797 1028 res
817 971 879 1047 ipsa

90 1073 159 1120 ante
181 1065 318 1136 coniecit,
337 1084 422 1139 quam
441 1084 589 1141 possemus
610 1065 716 1140 aliquid
737 1067 878 1125 derebus

88 1158 180 1215 tentis
200 1160 359 1235 suspicaril
399 1160 489 1221 Quod
503 1160 526 1217 si
540 1161 593 1217 tibi
613 1170 725 1218 tentum
745 1162 775 1218 in
794 1162 879 1219 nobis

88 1254 205 1311 ridetur
233 1274 305 1327 esse,
334 1257 437 1329 quibus
463 1256 576 1313 etiamsi
603 1258 762 1333 ingenium,
788 1268 821 1315 ut
846 1267 878 1315 tu

88 1361 185 1427 putus,
214 1370 273 1409 non
300 1353 423 1410 maxime
450 1354 550 1424 defuit,
579 1354 710 1411 doctrina
736 1364 825 1427 certe,
849 1364 878 1411 et
893 1362 925 1413 lo
1004 1398 1007 1404 .

89 1447 194 1517 otium,
216 1458 245 1504 et
265 1448 382 1506 hercule
402 1450 488 1507 etism
510 1450 635 1507 studium
656 1449 726 1507 illud
745 1450 877 1508 discendi

90 1544 266 1601 acerrimum
286 1544 392 1603 defuit:
421 1546 489 1621 quid
519 1564 629 1614 censos,
651 1547 676 1603 si
696 1548 732 1604 ad
755 1547 876 1623 alicujus

89 1638 241 1715 ingenium
261 1641 305 1697 vel
326 1641 425 1717 majus,
446 1642 505 1714 illa,
527 1661 590 1716 quse
616 1661 671 1719 ego
697 1662 756 1700 non
783 1644 874 1720 attigi,

89 1736 287 1795 accesserintl
306 1738 419 1814 qualem
435 1738 515 1796 illum
530 1746 682 1810 oratorem,
696 1748 726 1796 et
737 1750 876 1816 quantum

89 1832 239 1891 loturum?
891 1842 922 1892 1⁵

128 2026 245 2085 XVIII.
266 2027 346 2085 Tum
367 2029 521 2102 Antonius,
541 2029 650 2088 Probas
670 2030 751 2101 mibi,
771 2030 874 2105 inquit,

89 2122 156 2193 ista,
171 2123 284 2195 Crasse,
299 2144 362 2199 quae
382 2126 471 2183 diois:
493 2145 549 2182 nec
568 2126 679 2196 dubito,
696 2126 766 2200 quin
786 2127 876 2183 multo

89 2218 261 2294 locupletior
283 2220 313 2278 in
334 2221 457 2278 dicendo
481 2222 593 2279 futurus
617 2222 664 2293 sit,
685 2222 710 2278 si
730 2221 796 2295 quis
816 2240 876 2277 orn·

88 2310 170 2372 nium
191 2334 285 2373 rorum
307 2326 390 2391 atque
412 2318 513 2375 artium
533 2317 674 2375 rationem
687 2329 875 2391 naturamque

89 2412 348 2487 comprehenderit.
401 2414 459 2471 Sed
489 2414 613 2489 primum
634 2413 663 2469 id
684 2412 802 2469 difficile
831 2422 875 2470 est
889 2420 921 2470 2⁰

89 2506 178 2578 lactu,
198 2508 356 2582 presertim
376 2508 406 2565 in
427 2509 482 2565 had
506 2509 605 2565 nostri
625 2509 692 2581 vits,
713 2509 874 2585 nostrisque

88 2604 346 2679 occupationibus:
374 2604 478 2662 deinde
505 2605 576 2662 illud
604 2605 691 2662 utiam
717 2606 874 2664 verendum

88 2708 141 2769 est,
157 2718 194 2755 ne
209 2700 404 2757 abstrahamur
419 2702 454 2757 ab
469 2701 751 2773 hac'exercitetione‚
762 2712 792 2759 et
804 2720 875 2758 con·

88 2796 242 2853 suetudine
263 2796 378 2855 dicendi
402 2798 541 2873 populari,
567 2810 597 2855 et
620 2798 733 2856 lorensi.
782 2796 873 2855 Aliud

88 2891 164 2949 enim
180 2890 252 2947 mihi
266 2892 408 2966 quoddam
430 2912 521 2969 genus
535 2894 674 2951 orationis
686 2911 750 2951 esse
761 2892 874 2948 videtur
888 2906 920 2957 25

89 3004 188 3045 eorum
208 2988 368 3061 hominum,
390 2989 550 3066 dequibus
572 2989 658 3066 paulo
681 2998 747 3047 ante
765 2986 873 3059 dixisti,

89 3083 218 3160 quamvis
238 3083 281 3144 illi
308 3095 408 3145 ornate
434 3094 463 3145 et
488 3086 622 3165 graviter,
644 3094 693 3144 sut
713 3085 751 3143 de
771 3082 875 3144 nature
