2167 3567
151 306 192 369 28
471 322 514 369 or:
538 322 701 371 onerose.
909 324 949 384 [n.
959 324 981 371 1.

198 466 324 539 nomine,
345 468 397 527 hos
417 470 576 529 rhetoricos
596 480 625 528 et
646 471 815 543 inscribunt,
835 482 865 528 et
886 472 981 548 appel-

198 562 265 621 lant.
307 564 421 623 Etenim
436 585 502 624 cum
516 567 557 625 illi
571 567 601 624 iu
616 567 740 624 dicendo
754 568 908 625 inciderint
921 568 980 626 loci

199 658 290 735 (quod
309 680 433 738 persaepe
453 663 561 743 evenit)
577 674 608 720 ut
622 665 658 720 de
676 664 740 721 Diis
760 664 979 736 immortalibus,

198 756 234 813 de
253 756 367 832 pietate,
389 758 425 815 de
446 760 608 831 concordii,
629 760 666 817 de
686 760 822 830 amicitiai,
845 760 880 816 de
899 778 981 817 com·

164 862 181 910 5
197 853 276 910 muni
296 854 410 924 civium,
425 855 461 911 de
482 855 640 927 hominum,
654 856 690 913 de
706 857 833 933 gentium
852 856 925 932 jure,
939 857 979 914 de

156 937 158 945 ¹
197 949 337 1024 equitate,
352 950 388 1006 de
401 950 599 1025 temperantid,
614 951 650 1007 de
665 952 863 1028 magnitudine
877 952 977 1024 animi,

196 1045 233 1103 de
246 1046 324 1104 omni
338 1046 448 1104 virtutis
461 1066 567 1123 genere
577 1047 615 1105 sit
624 1048 788 1120 dicendum,
801 1049 976 1121 clamabunt,

196 1143 293 1215 credo,
314 1144 411 1201 omnia
437 1144 594 1220 gymnasia,
615 1154 699 1218 atque
725 1163 825 1202 omues
850 1144 978 1221 philoso-

195 1241 316 1315 phorum
343 1240 458 1310 schole,
480 1258 531 1298 sun
551 1240 614 1297 haeo
633 1259 696 1297 esse
721 1241 975 1317 omnia1propria3

149 1344 180 1393 10
195 1336 266 1394 nihil
287 1337 404 1393 omnino
426 1336 460 1392 sd
486 1347 628 1393 oratorem
654 1337 805 1413 pertinere.
856 1336 976 1398 Quibus

194 1450 259 1509 ego,
280 1442 312 1489 ut
331 1433 367 1488 de
387 1432 432 1487 his
451 1430 536 1488 rebus
559 1432 692 1489 omnibus
712 1433 742 1489 iu
765 1433 885 1509 augulis,
906 1439 976 1489 eou-

194 1528 324 1585 sumendi
345 1528 395 1585 otii
416 1528 512 1599 causi,
534 1528 684 1599 disserant,
705 1546 772 1585 cum
793 1547 974 1602 concessero,

193 1622 264 1678 illud
284 1632 379 1680 tamen
399 1622 504 1681 oratori
524 1621 648 1679 tribuam
668 1631 697 1679 et
717 1623 801 1695 dabo,
816 1633 848 1680 ut
861 1624 974 1696 eadem,

193 1718 230 1775 de
244 1718 346 1793 quihus
359 1718 400 1775 illi
414 1718 493 1776 tenui
512 1719 634 1794 quodam
654 1718 848 1795 exsanguique
868 1739 975 1779 sermo·

148 1828 179 1879 15
192 1834 230 1872 ne
250 1814 404 1891 disputant,
419 1814 467 1871 hic
487 1814 650 1872 cumomni
669 1815 807 1891 gravitate
827 1826 856 1873 et
872 1817 975 1893 jucun·

194 1912 282 1969 ditate
302 1912 432 1987 explicet.
473 1910 547 1967 Haee
560 1930 614 1987 ego
632 1930 698 1968 curn
712 1911 780 1987 ipsis
796 1911 974 1988 philosophis

106 2061 108 2085 }
193 2018 254 2065 tum
282 2007 404 2065 Athenis
431 2006 612 2063 disserebam.
666 2007 797 2084 Cogebat
823 2008 899 2064 euim
926 2028 973 2066 me

194 2103 235 2161 M.
251 2103 406 2161 Marcellus
419 2102 466 2161 hio
480 2113 586 2175 noster,
601 2102 650 2177 qui
670 2122 748 2160 nunc
762 2103 853 2160 edilis
866 2105 973 2162 curulis

194 2212 246 2273 est,
267 2211 296 2258 et
314 2201 453 2277 profecto,
473 2200 528 2257 uisi
556 2201 639 2258 ludos
664 2220 743 2259 nunc
766 2200 883 2271 faceret,
904 2201 973 2259 huic

146 2314 178 2365 21)
194 2307 292 2369 nostro
317 2298 442 2356 sermoni
469 2297 634 2367 interesset3
670 2316 704 2354 ec
733 2296 791 2372 jam
824 2307 886 2354 tum
912 2308 973 2355 erat

195 2395 424 2451 adolescentulus
439 2394 482 2450 his
495 2393 598 2449 studiis
611 2393 730 2450 mirifice
744 2392 865 2451 deditus.
906 2378 972 2451 Jam

193 2506 261 2545 vero
281 2488 316 2543 de
336 2488 447 2563 legibus
468 2487 658 2556 instituendis,
673 2487 709 2542 de
729 2487 814 2557 bello,
833 2488 870 2544 de
890 2508 971 2564 pace,

117 2572 119 2576 ’
193 2581 229 2638 de
249 2581 345 2651 sociis,
360 2582 396 2637 de
416 2581 611 2656 vectigalibus,
626 2582 662 2636 de
679 2580 743 2655 jure
764 2581 841 2637 civili
854 2601 972 2659 genere·

193 2678 245 2736 tim
266 2676 296 2733 in
316 2675 430 2733 ordines
457 2684 609 2749 aetatesque
635 2676 788 2751 descripto,
809 2676 907 2734 dicant
926 2678 969 2735 vel

144 2782 177 2833 25
193 2774 298 2845 Greci,
313 2772 336 2829 si
347 2772 457 2843 nolunt,
472 2772 635 2847 Lycurgum
651 2783 699 2829 aut
718 2772 855 2830 Solonem
870 2772 971 2849 (quan-

192 2891 277 2948 quam
304 2869 367 2927 illos
393 2868 508 2943 quidem
538 2886 688 2925 censemus
713 2868 744 2924 in
769 2885 889 2927 numero
914 2869 970 2926 elo·

193 2967 340 3043 quentium
360 2964 551 3043 reponendos)
572 2963 661 3021 scisse
680 2964 792 3035 melius,
806 2981 892 3039 quam
911 2965 970 3041 Hy·

192 3063 320 3141 peridem
341 3071 389 3121 aut
408 3060 641 3134 Demosthenem,
654 3061 796 3137 perlectos
808 3060 867 3140 jam
882 3062 969 3121 homi·
