2167 3567
134 319 191 380 ltu
450 333 494 382 na
515 333 679 382 cnutone
878 334 962 396 [nn.

178 479 315 540 videatur.
355 480 465 554 Quare,
479 480 594 556 Crasse
608 501 702 560 neque
714 493 747 542 tu
759 484 811 543 tul
822 482 964 542 suavitate

180 595 234 635 nos
252 577 386 652 privabis,
400 588 441 649 ut,
455 579 480 636 si
499 561 568 655 quid
583 581 618 638 ab
632 580 761 638 Antonio
781 591 830 639 aut
848 590 964 656 preter·

179 672 297 730 missurn
312 684 361 732 aut
373 675 505 733 relictum
518 676 569 746 sit,
578 695 636 734 non
653 677 795 752 explices:
815 695 909 752 neque
921 687 961 749 te,

180 769 301 841 Antoni,
313 770 340 827 si
361 771 429 846 quid
448 791 504 830 non
525 770 639 843 dixeris,
660 773 885 830 existimabimus
901 791 962 831 non

147 866 306 941 5potuisse
331 867 437 942 potius,
459 887 542 942 quam
565 869 706 926 aCrasso
732 868 791 927 dici
817 869 960 927 moluisse.

180 961 240 1020 Hic
258 963 397 1022 Crassus:
424 964 506 1026 Quin
526 975 569 1035 tu,
589 964 691 1040 inquit,
711 964 832 1036 Antoni,
852 964 962 1022 omittis

181 1057 244 1129 ista,
256 1078 318 1134 quaa
328 1061 510 1135 proposuisti,
521 1081 585 1134 qnae
594 1079 678 1118 nemo
692 1061 791 1119 hdrunr
802 1061 960 1132 desidem,

179 1155 283 1229 quibus
302 1175 338 1212 ea
357 1156 429 1213 locis
449 1175 493 1226 ea,
508 1175 570 1230 quar
591 1157 714 1213 dicenda
732 1156 790 1213 sint
809 1156 839 1213 in
855 1156 961 1229 causis,

180 1251 372 1327 reperiantur3
393 1271 455 1326 quae
472 1271 634 1326 quanquam
647 1253 699 1309 abs
711 1262 740 1310 te
752 1270 827 1309 novo
838 1252 962 1327 quodem

134 1353 165 1404 lu
179 1348 276 1418 modo,
295 1347 487 1422 preclareque
515 1347 658 1419 dicuntur,
679 1358 746 1406 aunt
765 1358 861 1404 tamen
880 1358 911 1404 et
929 1366 962 1406 re

180 1439 318 1514 faciliora,
339 1453 368 1500 et
387 1443 537 1518 preceptis
557 1445 727 1520 peruagatal
748 1443 805 1513 illa,
825 1443 962 1518 deprome

178 1538 272 1608 nobis,
286 1538 362 1595 unda
384 1537 493 1609 efferas,
507 1557 571 1612 quae
590 1539 747 1614 saepissime
758 1548 875 1611 tractas,
888 1557 963 1598 sena-

178 1651 285 1710 perque
298 1633 443 1691 'divinitus

218 1728 391 1803 Depromam
407 1728 550 1804 equidem,
564 1728 657 1805 inquit
668 1729 830 1801 Antonius3
850 1740 890 1802 et,
903 1748 962 1807 quo

134 1833 166 1884 15
181 1823 293 1882 facilius
306 1824 336 1882 id
350 1843 367 1882 a
380 1834 408 1882 te
422 1825 534 1902 erigam
547 1825 625 1900 quod
637 1835 713 1902 peto,
725 1825 799 1884 nihil
817 1827 871 1884 tibi
885 1843 962 1885 ame

179 1920 335 1996 postulanti
360 1922 508 1979 recusabo.
562 1920 638 1979 Meae
657 1922 912 1992 totius'orationis,
931 1931 962 1980 et

181 2017 263 2076 istius
283 2017 371 2094 ipsius
392 2017 421 2076 in
442 2017 566 2076 dicendo
593 2018 746 2088 facultatis,
765 2035 850 2093 quam
875 2018 962 2078 modo

181 2113 301 2172 Crassus
322 2115 351 2172 in
372 2115 477 2176 coelum
496 2114 590 2172 verbis
602 2115 713 2185 extulit,
726 2124 785 2172 tres
797 2125 865 2172 sunt
877 2115 962 2173 ratio·

180 2229 241 2282 nes,
252 2221 284 2268 ut
298 2222 363 2268 ente
376 2211 451 2281 dixi;
473 2230 531 2268 una
544 2210 790 2268 conciliandorum
801 2210 961 2282 bominum,

133 2319 165 2371 ω
182 2307 270 2364 altera
288 2307 493 2377 docendorum,
514 2306 599 2364 tertia
619 2305 862 2363 concitandorunr.
904 2305 963 2364 Ha·

181 2421 244 2460 rum
271 2403 356 2460 trium
383 2403 505 2478 partium
530 2401 791 2476 prima-lenitatem
812 2402 962 2472 orationis,

181 2499 307 2556 secunda
321 2517 453 2570 acumen,
467 2497 553 2556 tertia
571 2498 628 2555 rim
648 2497 805 2554 desiderat:
825 2516 893 2554 nam
906 2497 963 2556 hoc

181 2613 299 2653 necesse
319 2603 372 2665 cst,
387 2605 418 2651 ut
438 2595 471 2664 is,
487 2594 536 2669 qui
556 2594 640 2651 nobis
656 2611 772 2651 causam
787 2593 963 2668 adjudicatu-

180 2690 288 2762 tussit,
304 2699 352 2748 aut
372 2689 558 2748 inclinatione
576 2689 731 2746 voluntatis
743 2689 919 2764 propendeat
932 2688 963 2746 in

133 2795 165 2846 ὕ
181 2805 243 2857 nos,
265 2795 313 2844 aut
332 2785 508 2844 defensionis
528 2785 703 2862 argumentis
723 2784 892 2856 adducatur,
913 2795 963 2842 aut

182 2881 269 2940 animi
288 2881 466 2958 permotione
486 2890 615 2960 cogatur.
669 2881 738 2951 Sed,
758 2881 894 2956 quoniam
914 2880 964 2939 illa

179 2996 255 3053 pars,
267 2977 296 3035 in
307 2978 364 3053 qut
376 2995 470 3035 rerum
485 2977 612 3052 ipsarum
624 2975 776 3052 explicatio
789 2995 824 3034 ac
834 2975 963 3034 defensio

180 3071 273 3149 posita
291 3081 344 3144 est,
366 3073 475 3132 ridetur
495 3089 610 3130 ornnern
632 3071 717 3148 hujus
742 3071 856 3148 genus
880 3069 963 3147 quui
