2167 3567
124 327 225 387 11111
408 331 451 377 ue
473 326 637 380 onaronn.
900 299 953 380 111
1045 328 1047 330 ’

125 494 174 546 ne,
195 460 355 552 propinquo
378 479 487 552 nostro,
512 491 541 538 et
568 480 601 538 L.
624 481 777 551 Cicerone,
801 490 912 555 patruo,

122 573 297 645 solebamus,
326 575 401 648 quud
428 575 464 632 de
491 576 595 635 Crasso
624 586 713 652 puter,
741 587 770 633 et
797 576 911 634 Aculeo

124 667 266 743 (quocum
286 680 464 732 erat‘uustra
487 674 663 752 matertera),
685 690 769 747 quem
789 671 912 730 Crassus
935 660 944 668 „

123 765 226 822 dilexit
251 785 287 823 ex
313 767 446 824 omnibus
471 766 635 842 plurimum,
659 778 688 826 et
709 779 836 844 patruus,
861 767 911 844 qui

124 879 193 918 cum
214 862 344 942 Antonio
365 863 394 920 in
415 863 548 921 Ciliciam
569 863 714 940 profectus
735 866 793 922 und
813 866 939 923 decas-s

123 967 211 1028 serat,
234 958 323 1016 multa
349 959 432 1016 nobis
459 959 494 1016 de
517 959 579 1035 ejus
603 960 698 1016 studio
722 960 910 1034 doctrinique

123 1069 201 1126 saepe
227 1052 366 1114 narravit:
401 1071 522 1129 cumque
547 1072 611 1125 nos,
636 1072 702 1111 cum
728 1055 909 1112 consobrinis

125 1149 240 1219 nostris,
262 1149 420 1206 Aculeonis
446 1149 521 1221 filiis,
543 1160 572 1206 et
591 1168 626 1206 ea
647 1149 822 1207 disceremus
845 1169 908 1224 qun

123 1243 232 1302 Crasso
251 1245 407 1320 placerent,
427 1253 457 1302 et
477 1245 512 1302 ab
532 1245 580 1302 his
606 1245 782 1318 doctoribus,
804 1247 908 1320 quibus

126 1339 175 1398 ille
188 1351 324 1412 uteretur,
340 1341 525 1412 erudiremur,
540 1342 626 1398 etium
647 1341 716 1397 illud
736 1359 809 1417 sepe
827 1340 953 1405 intel-10

125 1435 247 1494 leximus
280 1435 359 1513 (cum
395 1435 549 1516 [essemus]
583 1433 746 1512 ejusmodi·
761 1437 838 1512 quod
863 1440 907 1497 vel

125 1531 207 1606 pueri
234 1531 339 1590 sentire
366 1533 541 1610 poteramus)
575 1532 655 1589 illurn
682 1542 711 1589 et
736 1533 838 1594 Groece
864 1533 908 1591 sic

125 1627 215 1702 loqui,
229 1627 336 1686 nullum
352 1638 383 1686 ut
399 1627 483 1686 nisse
503 1628 588 1686 sliam
607 1629 735 1705 linguam
754 1629 906 1701 rideretur,

126 1733 155 1780 et
168 1724 332 1782 doctoribus
351 1725 456 1782 nostris
476 1743 511 1782 ea
529 1743 636 1800 ponere
654 1724 684 1780 in
702 1727 906 1798 percontando,

125 1837 216 1893 ecque
237 1818 328 1894 ipsum
349 1820 427 1876 omni
445 1820 475 1876 in
493 1838 624 1876 sermone
643 1829 775 1891 tractare,
790 1831 822 1878 nt
835 1821 905 1879 nihil
922 1833 953 1882 15

125 1915 370 1986 emesinorum,
391 1915 462 1972 nihil
484 1915 642 1972 inauditum
663 1916 813 1974 videretur.
862 1917 907 1974 De

127 2011 255 2069 Antonio
276 2030 351 2081 vero,
373 2029 532 2085 quanquam
553 2029 628 2084 saepe
647 2029 682 2068 ex
703 2011 907 2068 humanissimo

127 2107 252 2177 homine,
273 2117 373 2181 patruo
400 2119 506 2175 nostro,
535 2124 746 2180 acceperamus,
773 2109 908 2181 quemad-

127 2203 242 2260 modum
264 2203 311 2260 ille
332 2202 373 2259 vel
394 2202 527 2271 Athenis,
544 2201 587 2258 vel
608 2200 708 2258 Rhodi
727 2201 906 2259 seductissi-

127 2310 238 2356 morum
265 2299 411 2355 homiuum
438 2297 617 2354 sermonibus
643 2297 783 2366 dedisset;
811 2307 906 2354 tamen
920 2311 952 2359 20

127 2395 187 2470 ipse
222 2394 459 2463 adolescentulus,
495 2404 630 2467 quantum
668 2392 745 2449 illius
771 2394 908 2450 ‘ineuntis

127 2491 218 2548 aetatis
238 2507 307 2548 meae
327 2490 488 2565 patiebatur
507 2490 608 2564 pudor,
622 2489 711 2546 multa
731 2508 766 2547 cx
782 2507 819 2547 eo
833 2509 908 2566 saepe

127 2586 251 2660 quesivi.
292 2585 360 2642 Non
387 2586 441 2643 erit
463 2585 594 2660 prolecto
616 2585 679 2657 tibi,
703 2585 777 2660 quod
801 2586 906 2657 scribo,

127 2682 183 2738 hoc
196 2700 309 2752 novum,
326 2681 405 2758 (nam
417 2681 549 2756 jamtum
564 2700 599 2738 ex
612 2698 658 2738 me
673 2681 822 2760 audiebas)
836 2681 906 2738 mibi

126 2777 217 2848 illum,
240 2795 276 2834 ex
301 2777 397 2834 inultis
423 2777 564 2851 variisque
590 2777 777 2847 sermonibus,
802 2777 951 2837 nullius25

126 2873 178 2943 rei,
194 2892 256 2947 quae
277 2872 391 2946 quidem
412 2883 487 2930 esset
507 2873 537 2930 in
557 2873 602 2929 bis
623 2873 739 2942 artibus,
754 2873 790 2928 de
806 2873 908 2946 quibus

128 2969 233 3043 aliquid
254 2968 414 3026 existimare
434 2987 557 3043 possem,
578 2969 677 3024 rudem
702 2977 750 3024 aut
777 2967 907 3043 ignarum

128 3083 190 3124 esse
203 3064 302 3123 visum.
344 3063 402 3122 Sed
423 3063 475 3122 suit
495 3065 552 3122 hoc
572 3064 603 3122 in
620 3074 740 3139 utroque
752 3081 862 3135 eorum,
875 3073 908 3122 ut
