2167 3567
121 339 151 386 a.
164 339 198 398 u]
400 335 450 382 os
472 333 635 381 ommate
913 320 954 379 87

122 485 169 544 Μ.
186 484 270 557 Cato,
290 484 322 544 P.
338 482 502 554 Africanus,
521 481 562 545 Q
579 481 723 554 Metellus,
744 480 778 539 0.
793 469 908 551 Laelius,

123 583 178 658 qui
198 601 298 639 omncs
318 581 482 656 eloquentes
502 579 625 650 fuerunt,
639 579 797 637 orationem
817 595 908 650 suam,

121 688 155 736 et
170 675 333 754 reipublice
348 676 525 754 dignitatem,
539 675 722 732 exornabant.

168 867 202 926 L.
233 867 336 943 Neque
355 867 431 924 enim
446 871 495 924 'est
516 866 698 924 interdictum
720 875 767 922 aut
784 883 907 923 ararum

121 964 241 1035 maturi,
254 974 301 1021 aut
316 963 408 1040 alege
422 963 515 1036 aliqui
531 973 614 1036 atque
629 980 716 1032 more,
728 972 776 1018 aut
788 962 908 1039 singulis
937 966 954 1015 5

122 1059 302 1130 hominibus,
328 1073 365 1116 ne
393 1059 521 1134 amplius,
550 1076 633 1132 quam
666 1057 792 1134 singulas
824 1055 908 1130 aites,

120 1155 215 1214 nosse
234 1155 326 1213 liceat.
376 1155 477 1216 Quare
497 1172 566 1224 nou,
587 1153 640 1210 etsi
661 1153 909 1229 eloquentissimus

122 1251 253 1310 Athenis
266 1250 400 1321 Pericles,
412 1250 544 1324 idemque
555 1249 584 1306 io
594 1250 631 1306 eti
644 1249 758 1306 civitate
771 1249 908 1325 plurimos

125 1367 219 1405 annos
237 1347 369 1422 princeps
388 1345 501 1403 consilii
514 1345 622 1421 publici
636 1345 698 1417 fuit,
713 1346 822 1402 idcirco
836 1346 909 1422 ejus·

122 1444 195 1502 dem
209 1443 331 1500 hominis
346 1453 428 1518 atque
449 1442 516 1499 artis
536 1451 655 1517 utraque
675 1442 794 1499 facultas
813 1442 954 1500 existi-1⁰

124 1539 234 1598 manda
247 1549 304 1609 est3
325 1557 390 1610 nec,
401 1537 425 1595 si
436 1538 466 1596 P.
479 1538 601 1595 Crassus
611 1538 686 1595 idem
697 1538 750 1595 fuit
763 1537 907 1613 eloquens,

126 1645 157 1694 et
167 1635 240 1712 juris
252 1634 368 1710 peritus,
382 1635 419 1692 ob
433 1652 495 1692 eam
514 1653 630 1692 causam
644 1634 717 1691 inest
732 1632 760 1690 in
775 1634 909 1692 facultate

124 1731 244 1790 dicendi
265 1731 336 1807 juris
356 1729 447 1788 civilis
467 1730 596 1788 scientia.
637 1730 713 1788 Nam
734 1731 758 1794 si
778 1731 907 1806 quisque,

127 1829 209 1888 utin
232 1827 325 1902 aliqui
353 1838 412 1884 arte
436 1837 464 1884 et
490 1827 626 1884 facultate
651 1827 804 1898 excellens,
825 1827 909 1884 eliam

125 1939 241 2000 quoque
263 1933 351 1982 artem
371 1923 425 1980 sibi
450 1923 621 1994 assumserit,
644 1923 683 1980 ita
708 1923 846 1997 perficiet,
867 1933 908 1995 ut,
923 1927 955 1976 15

127 2020 205 2096 quod
232 2030 368 2096 praterea
393 2019 474 2089 sciet,
497 2017 525 2075 id
547 2019 619 2094 ejus,
643 2018 671 2074 in
695 2037 752 2094 quo
778 2019 908 2092 excellet,

125 2135 195 2194 pars
214 2117 342 2192 quadam
369 2133 431 2173 esse
450 2115 595 2184 videatur3
622 2113 691 2170 licet
719 2113 772 2170 isit
798 2115 909 2173 ratione

127 2211 269 2284 dicamus,
283 2211 341 2288 pila
361 2213 434 2268 bene
453 2219 481 2268 et
497 2209 649 2266 duodecim
668 2209 781 2285 scriptia
800 2209 908 2282 ludere,

127 2309 273 2386 proprium
294 2327 356 2365 esse
380 2307 451 2383 juris
475 2305 577 2377 civilis,
598 2303 732 2380 quoniam
760 2315 909 2379 utrumque

126 2421 228 2462 eorum
256 2403 287 2461 P.
315 2401 431 2461 Mucius
463 2401 571 2478 optime
603 2401 719 2470 fecerit3
753 2400 954 2476 eidemquem

125 2499 240 2558 ratione
261 2499 401 2570 dicautur,
416 2509 444 2556 et
457 2517 526 2574 quos
550 2503 683 2558 Φυσικούς
703 2497 799 2554 Groeci
819 2497 909 2554 nomi·
1002 2499 1005 2506 '

127 2595 313 2667 nantildem
333 2599 434 2670 polite,
454 2594 587 2670 quoniam
608 2593 797 2670 Empedocles
816 2592 910 2670 physi-

128 2709 182 2748 cus
192 2691 337 2768 egregium
351 2694 456 2765 po'e'ma
469 2690 577 2748 fecerit.
617 2689 658 2747 At
672 2690 726 2747 hoc
739 2709 776 2746 ne
789 2689 911 2764 philoso·
963 2681 969 2690 ’

126 2785 179 2864 phi
199 2787 313 2863 quidem
333 2785 397 2862 ipsi,
418 2785 466 2860 qui
487 2786 593 2857 omnia,
613 2786 689 2844 sicut
713 2785 837 2862 propria,
857 2803 910 2843 aua

128 2901 202 2954 esse,
218 2893 300 2959 atque
315 2901 331 2940 a
344 2901 374 2940 se
393 2878 532 2958 possideri
553 2881 660 2953 volunt,
676 2883 772 2939 dicere
794 2881 908 2950 audent,
922 2881 955 2933 25

128 2978 314 3056 geometriam
335 2988 383 3036 aut
403 2977 540 3036 musicam
561 2977 723 3054 philosophi
749 2994 822 3047 esse,
843 2976 910 3051 quia

119 3073 277 3134 'Platonem
292 3091 392 3134 omnes
405 3073 435 3132 in
448 3073 504 3132 illis
521 3072 628 3133 artibus
647 3072 909 3150 praestantissimum
1003 3095 1007 3101 ’
1060 3090 1070 3105 “
