<?xml version="1.0" encoding="UTF-8"?>
<!DOCTYPE html PUBLIC "-//W3C//DTD XHTML 1.0 Transitional//EN"
    "http://www.w3.org/TR/xhtml1/DTD/xhtml1-transitional.dtd">
<html xmlns="http://www.w3.org/1999/xhtml" xml:lang="en" lang="en">
 <head>
  <title>
</title>
<meta http-equiv="Content-Type" content="text/html;charset=utf-8" />
  <meta name='ocr-system' content='tesseract 3.04.00' />
  <meta name='ocr-capabilities' content='ocr_page ocr_carea ocr_par ocr_line ocrx_word'/>
</head>
<body>
  <div class='ocr_page' id='page_1' title='image "./mtciceronisadqu01dillgoog_0108.png"; bbox 0 0 2167 3567; ppageno 0'>
   <div class='ocr_carea' id='block_1_1' title="bbox 149 293 966 371">
    <p class='ocr_par' dir='ltr' id='par_1_1' title="bbox 149 293 966 371">
     <span class='ocr_line' id='line_1_1' title="bbox 149 293 966 371; baseline -0.005 -17"><span class='ocrx_word' id='word_1_1' title='bbox 149 293 204 371; x_wconf 57' lang='grc' dir='ltr'>ΙΨ</span> <span class='ocrx_word' id='word_1_2' title='bbox 464 307 508 354; x_wconf 88' lang='lat' dir='ltr'>on</span> <span class='ocrx_word' id='word_1_3' title='bbox 529 306 692 354; x_wconf 75' lang='lat' dir='ltr'>carrona.</span> <span class='ocrx_word' id='word_1_4' title='bbox 898 305 937 364; x_wconf 72' lang='lat' dir='ltr'>[a</span> <span class='ocrx_word' id='word_1_5' title='bbox 947 304 966 351; x_wconf 92' lang='lat'>1.</span> 
     </span>
    </p>
   </div>
   <div class='ocr_carea' id='block_1_2' title="bbox 124 411 975 2556">
    <p class='ocr_par' dir='ltr' id='par_1_2' title="bbox 124 411 975 2556">
     <span class='ocr_line' id='line_1_2' title="bbox 358 411 366 436; baseline 0 0"><span class='ocrx_word' id='word_1_6' title='bbox 358 411 366 436; x_wconf 69' lang='lat' dir='ltr'>i</span> 
     </span>
     <span class='ocr_line' id='line_1_3' title="bbox 191 451 968 530; baseline -0.004 -16"><span class='ocrx_word' id='word_1_7' title='bbox 191 463 240 514; x_wconf 85' lang='lat' dir='ltr'>aut</span> <span class='ocrx_word' id='word_1_8' title='bbox 258 472 316 530; x_wconf 85' lang='lat' dir='ltr'>quo</span> <span class='ocrx_word' id='word_1_9' title='bbox 335 455 420 514; x_wconf 87' lang='lat' dir='ltr'>modo</span> <span class='ocrx_word' id='word_1_10' title='bbox 439 475 474 515; x_wconf 85' lang='lat' dir='ltr'>ea</span> <span class='ocrx_word' id='word_1_11' title='bbox 493 457 571 530; x_wconf 88' lang='lat' dir='ltr'>fiant,</span> <span class='ocrx_word' id='word_1_12' title='bbox 592 456 710 514; x_wconf 86' lang='lat' dir='ltr'>omnino</span> <span class='ocrx_word' id='word_1_13' title='bbox 730 453 847 514; x_wconf 80' lang='lat' dir='ltr'>nesciat</span> <span class='ocrx_word' id='word_1_14' title='bbox 887 451 968 511; x_wconf 90' lang='lat' dir='ltr'>Num</span> 
     </span>
     <span class='ocr_line' id='line_1_4' title="bbox 191 551 969 630; baseline -0.001 -22"><span class='ocrx_word' id='word_1_15' title='bbox 191 551 287 628; x_wconf 83' lang='lat' dir='ltr'>igitur,</span> <span class='ocrx_word' id='word_1_16' title='bbox 308 551 332 610; x_wconf 83' lang='lat' dir='ltr'>si</span> <span class='ocrx_word' id='word_1_17' title='bbox 353 553 400 610; x_wconf 90' lang='lat' dir='ltr'>cui</span> <span class='ocrx_word' id='word_1_18' title='bbox 424 553 527 611; x_wconf 82' lang='lat' dir='ltr'>fundus</span> <span class='ocrx_word' id='word_1_19' title='bbox 554 553 757 630; x_wconf 87' lang='lat' dir='ltr'>inspiciendus,</span> <span class='ocrx_word' id='word_1_20' title='bbox 779 563 827 610; x_wconf 85' lang='lat' dir='ltr'>aut</span> <span class='ocrx_word' id='word_1_21' title='bbox 846 551 871 608; x_wconf 85' lang='lat' dir='ltr'>si</span> <span class='ocrx_word' id='word_1_22' title='bbox 890 569 969 608; x_wconf 88' lang='lat' dir='ltr'>man·</span> 
     </span>
     <span class='ocr_line' id='line_1_5' title="bbox 191 649 969 727; baseline 0 -21"><span class='ocrx_word' id='word_1_23' title='bbox 191 649 316 708; x_wconf 89' lang='lat' dir='ltr'>dandum</span> <span class='ocrx_word' id='word_1_24' title='bbox 336 650 443 726; x_wconf 79' lang='lat' dir='ltr'>ailquid</span> <span class='ocrx_word' id='word_1_25' title='bbox 463 651 641 727; x_wconf 82' lang='lat' dir='ltr'>procuratori</span> <span class='ocrx_word' id='word_1_26' title='bbox 661 652 696 710; x_wconf 86' lang='lat' dir='ltr'>de</span> <span class='ocrx_word' id='word_1_27' title='bbox 716 650 900 727; x_wconf 78' lang='lat' dir='ltr'>agriculturd,</span> <span class='ocrx_word' id='word_1_28' title='bbox 919 659 969 706; x_wconf 85' lang='lat' dir='ltr'>aut</span> 
     </span>
     <span class='ocr_line' id='line_1_6' title="bbox 192 745 968 824; baseline -0.003 -21"><span class='ocrx_word' id='word_1_29' title='bbox 192 745 386 822; x_wconf 88' lang='lat' dir='ltr'>imperandum</span> <span class='ocrx_word' id='word_1_30' title='bbox 401 747 496 805; x_wconf 89' lang='lat' dir='ltr'>villico</span> <span class='ocrx_word' id='word_1_31' title='bbox 510 748 556 819; x_wconf 87' lang='lat' dir='ltr'>sit,</span> <span class='ocrx_word' id='word_1_32' title='bbox 570 747 704 824; x_wconf 75' lang='lat' dir='ltr'>Magonis</span> <span class='ocrx_word' id='word_1_33' title='bbox 723 745 968 822; x_wconf 82' lang='lat' dir='ltr'>Carthaginiensis</span> 
     </span>
     <span class='ocr_line' id='line_1_7' title="bbox 162 841 969 922; baseline -0.004 -20"><span class='ocrx_word' id='word_1_34' title='bbox 162 844 341 902; x_wconf 72' lang='lat' dir='ltr'>dsuntlibri</span> <span class='ocrx_word' id='word_1_35' title='bbox 361 844 561 922; x_wconf 66' lang='lat' dir='ltr'>perdiscendi?</span> <span class='ocrx_word' id='word_1_36' title='bbox 582 864 618 902; x_wconf 84' lang='lat' dir='ltr'>an</span> <span class='ocrx_word' id='word_1_37' title='bbox 632 845 687 902; x_wconf 86' lang='lat' dir='ltr'>hac</span> <span class='ocrx_word' id='word_1_38' title='bbox 700 843 846 901; x_wconf 89' lang='lat' dir='ltr'>communi</span> <span class='ocrx_word' id='word_1_39' title='bbox 865 841 969 907; x_wconf 84' lang='lat' dir='ltr'>intelli·</span> 
     </span>
     <span class='ocr_line' id='line_1_8' title="bbox 191 940 968 1017; baseline 0.001 -21"><span class='ocrx_word' id='word_1_40' title='bbox 191 940 289 1015; x_wconf 80' lang='lat' dir='ltr'>gentid</span> <span class='ocrx_word' id='word_1_41' title='bbox 308 941 436 998; x_wconf 85' lang='lat' dir='ltr'>conteuti</span> <span class='ocrx_word' id='word_1_42' title='bbox 455 959 519 999; x_wconf 79' lang='lat' dir='ltr'>esse</span> <span class='ocrx_word' id='word_1_43' title='bbox 537 942 707 1017; x_wconf 65' lang='lat' dir='ltr'>possumus?</span> <span class='ocrx_word' id='word_1_44' title='bbox 745 940 805 998; x_wconf 83' lang='lat' dir='ltr'>cur</span> <span class='ocrx_word' id='word_1_45' title='bbox 823 957 892 1016; x_wconf 79' lang='lat' dir='ltr'>ergo</span> <span class='ocrx_word' id='word_1_46' title='bbox 910 958 968 997; x_wconf 89' lang='lat' dir='ltr'>non</span> 
     </span>
     <span class='ocr_line' id='line_1_9' title="bbox 124 1034 970 1120; baseline 0 -28"><span class='ocrx_word' id='word_1_47' title='bbox 124 1111 132 1120; x_wconf 29' lang='grc'><strong><em>1</em></strong></span> <span class='ocrx_word' id='word_1_48' title='bbox 192 1034 279 1094; x_wconf 84' lang='lat' dir='ltr'>iidem</span> <span class='ocrx_word' id='word_1_49' title='bbox 300 1035 330 1092; x_wconf 89' lang='lat' dir='ltr'>in</span> <span class='ocrx_word' id='word_1_50' title='bbox 348 1035 411 1111; x_wconf 88' lang='lat' dir='ltr'>jure</span> <span class='ocrx_word' id='word_1_51' title='bbox 431 1037 518 1108; x_wconf 88' lang='lat' dir='ltr'>civili,</span> <span class='ocrx_word' id='word_1_52' title='bbox 532 1037 688 1113; x_wconf 77' lang='lat' dir='ltr'>presertim</span> <span class='ocrx_word' id='word_1_53' title='bbox 709 1055 775 1094; x_wconf 87' lang='lat' dir='ltr'>curn</span> <span class='ocrx_word' id='word_1_54' title='bbox 789 1036 818 1092; x_wconf 92' lang='lat' dir='ltr'>in</span> <span class='ocrx_word' id='word_1_55' title='bbox 833 1034 927 1091; x_wconf 86' lang='lat' dir='ltr'>causis</span> <span class='ocrx_word' id='word_1_56' title='bbox 940 1045 970 1092; x_wconf 80' lang='lat' dir='ltr'>et</span> 
     </span>
     <span class='ocr_line' id='line_1_10' title="bbox 192 1130 970 1209; baseline -0.004 -19"><span class='ocrx_word' id='word_1_57' title='bbox 192 1130 223 1190; x_wconf 80' lang='lat' dir='ltr'>iu</span> <span class='ocrx_word' id='word_1_58' title='bbox 243 1133 366 1209; x_wconf 83' lang='lat' dir='ltr'>negotiis</span> <span class='ocrx_word' id='word_1_59' title='bbox 385 1143 414 1192; x_wconf 89' lang='lat' dir='ltr'>et</span> <span class='ocrx_word' id='word_1_60' title='bbox 434 1133 464 1190; x_wconf 91' lang='lat' dir='ltr'>in</span> <span class='ocrx_word' id='word_1_61' title='bbox 479 1133 537 1192; x_wconf 83' lang='lat' dir='ltr'>foro</span> <span class='ocrx_word' id='word_1_62' title='bbox 551 1144 741 1204; x_wconf 87' lang='lat' dir='ltr'>conteramur,</span> <span class='ocrx_word' id='word_1_63' title='bbox 755 1132 823 1190; x_wconf 86' lang='lat' dir='ltr'>satis</span> <span class='ocrx_word' id='word_1_64' title='bbox 837 1130 970 1188; x_wconf 78' lang='lat' dir='ltr'>instructi</span> 
     </span>
     <span class='ocr_line' id='line_1_11' title="bbox 193 1227 970 1305; baseline 0 -20"><span class='ocrx_word' id='word_1_65' title='bbox 193 1245 255 1286; x_wconf 83' lang='lat' dir='ltr'>esse</span> <span class='ocrx_word' id='word_1_66' title='bbox 278 1248 428 1305; x_wconf 85' lang='lat' dir='ltr'>possumus</span> <span class='ocrx_word' id='word_1_67' title='bbox 452 1229 487 1287; x_wconf 85' lang='lat' dir='ltr'>ad</span> <span class='ocrx_word' id='word_1_68' title='bbox 510 1230 566 1288; x_wconf 88' lang='lat' dir='ltr'>hoc</span> <span class='ocrx_word' id='word_1_69' title='bbox 592 1231 737 1301; x_wconf 79' lang='lat' dir='ltr'>duntaxat,</span> <span class='ocrx_word' id='word_1_70' title='bbox 760 1247 796 1286; x_wconf 92' lang='lat' dir='ltr'>nc</span> <span class='ocrx_word' id='word_1_71' title='bbox 820 1228 850 1286; x_wconf 90' lang='lat' dir='ltr'>in</span> <span class='ocrx_word' id='word_1_72' title='bbox 872 1227 970 1285; x_wconf 70' lang='lat' dir='ltr'>nostri</span> 
     </span>
     <span class='ocr_line' id='line_1_12' title="bbox 151 1323 970 1402; baseline -0.005 -18"><span class='ocrx_word' id='word_1_73' title='bbox 151 1333 180 1384; x_wconf 83' lang='lat' dir='ltr'>to</span> <span class='ocrx_word' id='word_1_74' title='bbox 193 1325 284 1400; x_wconf 70' lang='lat' dir='ltr'>patrii</span> <span class='ocrx_word' id='word_1_75' title='bbox 303 1326 445 1402; x_wconf 85' lang='lat' dir='ltr'>peregrini</span> <span class='ocrx_word' id='word_1_76' title='bbox 466 1335 549 1401; x_wconf 80' lang='lat' dir='ltr'>atquc</span> <span class='ocrx_word' id='word_1_77' title='bbox 576 1326 691 1384; x_wconf 69' lang='lat' dir='ltr'>advene</span> <span class='ocrx_word' id='word_1_78' title='bbox 716 1344 779 1382; x_wconf 85' lang='lat' dir='ltr'>esse</span> <span class='ocrx_word' id='word_1_79' title='bbox 804 1323 970 1381; x_wconf 78' lang='lat' dir='ltr'>videamurt</span> 
     </span>
     <span class='ocr_line' id='line_1_13' title="bbox 194 1420 972 1498; baseline -0.003 -20"><span class='ocrx_word' id='word_1_80' title='bbox 194 1422 240 1478; x_wconf 83' lang='lat' dir='ltr'>Ao</span> <span class='ocrx_word' id='word_1_81' title='bbox 260 1421 284 1478; x_wconf 87' lang='lat' dir='ltr'>si</span> <span class='ocrx_word' id='word_1_82' title='bbox 305 1422 362 1498; x_wconf 78' lang='lat' dir='ltr'>jam</span> <span class='ocrx_word' id='word_1_83' title='bbox 387 1422 423 1478; x_wconf 89' lang='lat' dir='ltr'>sit</span> <span class='ocrx_word' id='word_1_84' title='bbox 445 1440 533 1480; x_wconf 85' lang='lat' dir='ltr'>causa</span> <span class='ocrx_word' id='word_1_85' title='bbox 557 1421 651 1496; x_wconf 80' lang='lat' dir='ltr'>aliqua</span> <span class='ocrx_word' id='word_1_86' title='bbox 674 1421 709 1480; x_wconf 83' lang='lat' dir='ltr'>ad</span> <span class='ocrx_word' id='word_1_87' title='bbox 732 1441 784 1479; x_wconf 89' lang='lat' dir='ltr'>nos</span> <span class='ocrx_word' id='word_1_88' title='bbox 806 1421 900 1478; x_wconf 85' lang='lat' dir='ltr'>delata</span> <span class='ocrx_word' id='word_1_89' title='bbox 922 1420 972 1476; x_wconf 88' lang='lat' dir='ltr'>ob-</span> 
     </span>
     <span class='ocr_line' id='line_1_14' title="bbox 194 1515 971 1597; baseline -0.003 -24"><span class='ocrx_word' id='word_1_90' title='bbox 194 1516 313 1587; x_wconf 89' lang='lat' dir='ltr'>scurior,</span> <span class='ocrx_word' id='word_1_91' title='bbox 337 1517 451 1575; x_wconf 87' lang='lat' dir='ltr'>difficile</span> <span class='ocrx_word' id='word_1_92' title='bbox 475 1517 590 1597; x_wconf 83' lang='lat' dir='ltr'>(credo)</span> <span class='ocrx_word' id='word_1_93' title='bbox 611 1518 657 1588; x_wconf 87' lang='lat' dir='ltr'>sit,</span> <span class='ocrx_word' id='word_1_94' title='bbox 678 1537 743 1574; x_wconf 89' lang='lat' dir='ltr'>oum</span> <span class='ocrx_word' id='word_1_95' title='bbox 765 1518 820 1575; x_wconf 94' lang='lat' dir='ltr'>hoc</span> <span class='ocrx_word' id='word_1_96' title='bbox 841 1515 971 1575; x_wconf 78' lang='lat' dir='ltr'>Scoevold</span> 
     </span>
     <span class='ocr_line' id='line_1_15' title="bbox 195 1613 971 1690; baseline -0.004 -20"><span class='ocrx_word' id='word_1_97' title='bbox 195 1613 424 1684; x_wconf 85' lang='lat' dir='ltr'>communicare;</span> <span class='ocrx_word' id='word_1_98' title='bbox 457 1633 617 1689; x_wconf 87' lang='lat' dir='ltr'>quanquam</span> <span class='ocrx_word' id='word_1_99' title='bbox 645 1614 698 1690; x_wconf 90' lang='lat' dir='ltr'>ipsi</span> <span class='ocrx_word' id='word_1_100' title='bbox 724 1614 830 1686; x_wconf 85' lang='lat' dir='ltr'>omnia,</span> <span class='ocrx_word' id='word_1_101' title='bbox 851 1630 971 1688; x_wconf 88' lang='lat' dir='ltr'>quorum</span> 
     </span>
     <span class='ocr_line' id='line_1_16' title="bbox 196 1707 973 1785; baseline 0 -19"><span class='ocrx_word' id='word_1_102' title='bbox 196 1707 341 1785; x_wconf 83' lang='lat' dir='ltr'>negotium</span> <span class='ocrx_word' id='word_1_103' title='bbox 362 1719 414 1780; x_wconf 86' lang='lat' dir='ltr'>est,</span> <span class='ocrx_word' id='word_1_104' title='bbox 429 1711 558 1768; x_wconf 87' lang='lat' dir='ltr'>consulta</span> <span class='ocrx_word' id='word_1_105' title='bbox 579 1709 614 1766; x_wconf 90' lang='lat' dir='ltr'>ad</span> <span class='ocrx_word' id='word_1_106' title='bbox 633 1726 687 1768; x_wconf 89' lang='lat' dir='ltr'>nos</span> <span class='ocrx_word' id='word_1_107' title='bbox 699 1721 729 1767; x_wconf 86' lang='lat' dir='ltr'>et</span> <span class='ocrx_word' id='word_1_108' title='bbox 741 1710 882 1784; x_wconf 82' lang='lat' dir='ltr'>exquisita</span> <span class='ocrx_word' id='word_1_109' title='bbox 895 1708 973 1767; x_wconf 84' lang='lat' dir='ltr'>defe-</span> 
     </span>
     <span class='ocr_line' id='line_1_17' title="bbox 151 1806 973 1882; baseline -0.001 -16"><span class='ocrx_word' id='word_1_110' title='bbox 151 1815 181 1866; x_wconf 75' lang='grc'>16</span> <span class='ocrx_word' id='word_1_111' title='bbox 195 1815 269 1862; x_wconf 86' lang='lat' dir='ltr'>runt.</span> <span class='ocrx_word' id='word_1_112' title='bbox 310 1806 358 1863; x_wconf 86' lang='lat' dir='ltr'>An</span> <span class='ocrx_word' id='word_1_113' title='bbox 373 1823 449 1876; x_wconf 83' lang='lat' dir='ltr'>vero,</span> <span class='ocrx_word' id='word_1_114' title='bbox 463 1806 487 1862; x_wconf 90' lang='lat' dir='ltr'>si</span> <span class='ocrx_word' id='word_1_115' title='bbox 500 1807 536 1863; x_wconf 85' lang='lat' dir='ltr'>de</span> <span class='ocrx_word' id='word_1_116' title='bbox 550 1825 581 1864; x_wconf 84' lang='lat' dir='ltr'>re</span> <span class='ocrx_word' id='word_1_117' title='bbox 594 1806 665 1882; x_wconf 72' lang='lat' dir='ltr'>ipsi,</span> <span class='ocrx_word' id='word_1_118' title='bbox 682 1806 706 1864; x_wconf 87' lang='lat' dir='ltr'>si</span> <span class='ocrx_word' id='word_1_119' title='bbox 722 1806 758 1864; x_wconf 87' lang='lat' dir='ltr'>de</span> <span class='ocrx_word' id='word_1_120' title='bbox 778 1807 891 1880; x_wconf 82' lang='lat' dir='ltr'>finibus,</span> <span class='ocrx_word' id='word_1_121' title='bbox 905 1823 973 1865; x_wconf 89' lang='lat' dir='ltr'>cum</span> 
     </span>
     <span class='ocr_line' id='line_1_18' title="bbox 196 1901 973 1976; baseline 0.003 -18"><span class='ocrx_word' id='word_1_122' title='bbox 196 1901 225 1958; x_wconf 91' lang='lat' dir='ltr'>in</span> <span class='ocrx_word' id='word_1_123' title='bbox 240 1919 298 1958; x_wconf 86' lang='lat' dir='ltr'>rem</span> <span class='ocrx_word' id='word_1_124' title='bbox 318 1913 486 1976; x_wconf 75' lang='lat' dir='ltr'>praesentem</span> <span class='ocrx_word' id='word_1_125' title='bbox 507 1921 564 1960; x_wconf 91' lang='lat' dir='ltr'>non</span> <span class='ocrx_word' id='word_1_126' title='bbox 583 1902 722 1974; x_wconf 87' lang='lat' dir='ltr'>venimus,</span> <span class='ocrx_word' id='word_1_127' title='bbox 734 1903 760 1960; x_wconf 86' lang='lat' dir='ltr'>si</span> <span class='ocrx_word' id='word_1_128' title='bbox 773 1903 809 1960; x_wconf 88' lang='lat' dir='ltr'>de</span> <span class='ocrx_word' id='word_1_129' title='bbox 827 1904 930 1961; x_wconf 85' lang='lat' dir='ltr'>tabuiis</span> <span class='ocrx_word' id='word_1_130' title='bbox 943 1912 973 1960; x_wconf 89' lang='lat' dir='ltr'>et</span> 
     </span>
     <span class='ocr_line' id='line_1_19' title="bbox 194 1997 972 2074; baseline 0.003 -20"><span class='ocrx_word' id='word_1_131' title='bbox 194 1997 449 2074; x_wconf 77' lang='lat' dir='ltr'>perscriptionibus</span> <span class='ocrx_word' id='word_1_132' title='bbox 471 1998 667 2057; x_wconf 87' lang='lat' dir='ltr'>controversia</span> <span class='ocrx_word' id='word_1_133' title='bbox 688 2009 742 2070; x_wconf 88' lang='lat' dir='ltr'>cst,</span> <span class='ocrx_word' id='word_1_134' title='bbox 762 2010 906 2056; x_wconf 85' lang='lat' dir='ltr'>contortas</span> <span class='ocrx_word' id='word_1_135' title='bbox 927 2017 972 2056; x_wconf 86' lang='lat' dir='ltr'>res</span> 
     </span>
     <span class='ocr_line' id='line_1_20' title="bbox 194 2093 972 2171; baseline 0 -19"><span class='ocrx_word' id='word_1_136' title='bbox 194 2105 226 2152; x_wconf 89' lang='lat' dir='ltr'>et</span> <span class='ocrx_word' id='word_1_137' title='bbox 251 2113 326 2171; x_wconf 81' lang='lat' dir='ltr'>sepe</span> <span class='ocrx_word' id='word_1_138' title='bbox 356 2095 485 2152; x_wconf 85' lang='lat' dir='ltr'>difficiles</span> <span class='ocrx_word' id='word_1_139' title='bbox 518 2095 681 2154; x_wconf 84' lang='lat' dir='ltr'>necessario</span> <span class='ocrx_word' id='word_1_140' title='bbox 712 2095 929 2170; x_wconf 68' lang='lat' dir='ltr'>perdiscimus3-</span> <span class='ocrx_word' id='word_1_141' title='bbox 948 2093 972 2152; x_wconf 88' lang='lat' dir='ltr'>si</span> 
     </span>
     <span class='ocr_line' id='line_1_21' title="bbox 196 2191 975 2268; baseline 0 -20"><span class='ocrx_word' id='word_1_142' title='bbox 196 2191 275 2268; x_wconf 83' lang='lat' dir='ltr'>leges</span> <span class='ocrx_word' id='word_1_143' title='bbox 289 2192 381 2263; x_wconf 87' lang='lat' dir='ltr'>nobis,</span> <span class='ocrx_word' id='word_1_144' title='bbox 397 2202 445 2250; x_wconf 88' lang='lat' dir='ltr'>aut</span> <span class='ocrx_word' id='word_1_145' title='bbox 459 2192 482 2250; x_wconf 90' lang='lat' dir='ltr'>si</span> <span class='ocrx_word' id='word_1_146' title='bbox 497 2192 643 2250; x_wconf 90' lang='lat' dir='ltr'>homiuum</span> <span class='ocrx_word' id='word_1_147' title='bbox 664 2191 818 2267; x_wconf 87' lang='lat' dir='ltr'>peritorum</span> <span class='ocrx_word' id='word_1_148' title='bbox 839 2209 975 2266; x_wconf 85' lang='lat' dir='ltr'>responsa</span> 
     </span>
     <span class='ocr_line' id='line_1_22' title="bbox 150 2287 974 2365; baseline -0.006 -16"><span class='ocrx_word' id='word_1_149' title='bbox 150 2299 182 2349; x_wconf 65' lang='grc' dir='ltr'><strong><em>ω</em></strong></span> <span class='ocrx_word' id='word_1_150' title='bbox 197 2289 409 2365; x_wconf 84' lang='lat' dir='ltr'>cognoscenda·</span> <span class='ocrx_word' id='word_1_151' title='bbox 421 2298 495 2359; x_wconf 90' lang='lat' dir='ltr'>sunt,</span> <span class='ocrx_word' id='word_1_152' title='bbox 517 2304 656 2358; x_wconf 81' lang='lat' dir='ltr'>veremur,</span> <span class='ocrx_word' id='word_1_153' title='bbox 676 2307 713 2345; x_wconf 85' lang='lat' dir='ltr'>ne</span> <span class='ocrx_word' id='word_1_154' title='bbox 739 2306 783 2357; x_wconf 89' lang='lat' dir='ltr'>ca,</span> <span class='ocrx_word' id='word_1_155' title='bbox 803 2287 827 2344; x_wconf 87' lang='lat' dir='ltr'>si</span> <span class='ocrx_word' id='word_1_156' title='bbox 852 2288 887 2344; x_wconf 90' lang='lat' dir='ltr'>ab</span> <span class='ocrx_word' id='word_1_157' title='bbox 910 2287 974 2344; x_wconf 84' lang='lat' dir='ltr'>ado-</span> 
     </span>
     <span class='ocr_line' id='line_1_23' title="bbox 196 2367 973 2458; baseline -0.005 -16"><span class='ocrx_word' id='word_1_158' title='bbox 196 2367 335 2442; x_wconf 78' lang='lat' dir='ltr'>lescentid</span> <span class='ocrx_word' id='word_1_159' title='bbox 364 2383 421 2458; x_wconf 78' lang='lat' dir='ltr'>juri</span> <span class='ocrx_word' id='word_1_160' title='bbox 454 2383 531 2440; x_wconf 84' lang='lat' dir='ltr'>civili</span> <span class='ocrx_word' id='word_1_161' title='bbox 564 2383 658 2440; x_wconf 88' lang='lat' dir='ltr'>minus</span> <span class='ocrx_word' id='word_1_162' title='bbox 689 2382 889 2454; x_wconf 79' lang='lat' dir='ltr'>studuerimus,</span> <span class='ocrx_word' id='word_1_163' title='bbox 916 2400 973 2440; x_wconf 91' lang='lat' dir='ltr'>non</span> 
     </span>
     <span class='ocr_line' id='line_1_24' title="bbox 198 2479 541 2556; baseline -0.003 -20"><span class='ocrx_word' id='word_1_164' title='bbox 198 2497 333 2554; x_wconf 81' lang='lat' dir='ltr'>queamus</span> <span class='ocrx_word' id='word_1_165' title='bbox 347 2479 541 2556; x_wconf 78' lang='lat' dir='ltr'>cognosceret</span> 
     </span>
    </p>
   </div>
   <div class='ocr_carea' id='block_1_3' title="bbox 152 2665 977 3134">
    <p class='ocr_par' dir='ltr' id='par_1_3' title="bbox 152 2665 977 3134">
     <span class='ocr_line' id='line_1_25' title="bbox 238 2665 974 2746; baseline 0.001 -20"><span class='ocrx_word' id='word_1_166' title='bbox 238 2666 318 2726; x_wconf 84' lang='lat' dir='ltr'><strong>LIX.</strong></span> <span class='ocrx_word' id='word_1_167' title='bbox 348 2665 467 2727; x_wconf 85' lang='lat' dir='ltr'>Nihilne</span> <span class='ocrx_word' id='word_1_168' title='bbox 499 2668 585 2746; x_wconf 85' lang='lat' dir='ltr'>igitur</span> <span class='ocrx_word' id='word_1_169' title='bbox 616 2669 733 2745; x_wconf 87' lang='lat' dir='ltr'>prodest</span> <span class='ocrx_word' id='word_1_170' title='bbox 765 2669 868 2730; x_wconf 85' lang='lat' dir='ltr'>oratori</span> <span class='ocrx_word' id='word_1_171' title='bbox 901 2669 974 2746; x_wconf 87' lang='lat' dir='ltr'>juris</span> 
     </span>
     <span class='ocr_line' id='line_1_26' title="bbox 200 2763 976 2844; baseline 0 -20"><span class='ocrx_word' id='word_1_172' title='bbox 200 2765 292 2824; x_wconf 86' lang='lat' dir='ltr'>civilis</span> <span class='ocrx_word' id='word_1_173' title='bbox 311 2764 451 2823; x_wconf 67' lang='lat' dir='ltr'>scientia?</span> <span class='ocrx_word' id='word_1_174' title='bbox 490 2763 559 2823; x_wconf 92' lang='lat' dir='ltr'>Non</span> <span class='ocrx_word' id='word_1_175' title='bbox 579 2784 695 2842; x_wconf 88' lang='lat' dir='ltr'>possum</span> <span class='ocrx_word' id='word_1_176' title='bbox 713 2785 824 2844; x_wconf 77' lang='lat' dir='ltr'>negare.</span> <span class='ocrx_word' id='word_1_177' title='bbox 841 2767 976 2842; x_wconf 75' lang='lat' dir='ltr'>prodesse</span> 
     </span>
     <span class='ocr_line' id='line_1_27' title="bbox 152 2861 977 2939; baseline 0.005 -21"><span class='ocrx_word' id='word_1_178' title='bbox 152 2868 185 2918; x_wconf 68' lang='lat'>25</span> <span class='ocrx_word' id='word_1_179' title='bbox 200 2862 285 2920; x_wconf 86' lang='lat' dir='ltr'>ullam</span> <span class='ocrx_word' id='word_1_180' title='bbox 305 2861 464 2933; x_wconf 81' lang='lat' dir='ltr'>scientiam,</span> <span class='ocrx_word' id='word_1_181' title='bbox 485 2862 512 2920; x_wconf 86' lang='lat' dir='ltr'>ei</span> <span class='ocrx_word' id='word_1_182' title='bbox 531 2862 698 2938; x_wconf 71' lang='lat' dir='ltr'>prasertim,</span> <span class='ocrx_word' id='word_1_183' title='bbox 712 2863 795 2939; x_wconf 84' lang='lat' dir='ltr'>cujus</span> <span class='ocrx_word' id='word_1_184' title='bbox 813 2863 977 2938; x_wconf 80' lang='lat' dir='ltr'>eloquentia</span> 
     </span>
     <span class='ocr_line' id='line_1_28' title="bbox 200 2957 977 3034; baseline 0 -18"><span class='ocrx_word' id='word_1_185' title='bbox 200 2957 284 3034; x_wconf 75' lang='lat' dir='ltr'>oopid</span> <span class='ocrx_word' id='word_1_186' title='bbox 304 2975 397 3018; x_wconf 86' lang='lat' dir='ltr'>rerum</span> <span class='ocrx_word' id='word_1_187' title='bbox 418 2957 523 3016; x_wconf 85' lang='lat' dir='ltr'>debeat</span> <span class='ocrx_word' id='word_1_188' title='bbox 540 2976 603 3016; x_wconf 79' lang='lat' dir='ltr'>csse</span> <span class='ocrx_word' id='word_1_189' title='bbox 623 2969 738 3017; x_wconf 86' lang='lat' dir='ltr'>ornata:</span> <span class='ocrx_word' id='word_1_190' title='bbox 759 2959 811 3016; x_wconf 82' lang='lat' dir='ltr'>sed</span> <span class='ocrx_word' id='word_1_191' title='bbox 829 2959 927 3030; x_wconf 87' lang='lat' dir='ltr'>multa,</span> <span class='ocrx_word' id='word_1_192' title='bbox 946 2967 977 3016; x_wconf 87' lang='lat' dir='ltr'>et</span> 
     </span>
     <span class='ocr_line' id='line_1_29' title="bbox 200 3053 977 3134; baseline -0.003 -18"><span class='ocrx_word' id='word_1_193' title='bbox 200 3071 313 3134; x_wconf 71' lang='lat' dir='ltr'>magna,</span> <span class='ocrx_word' id='word_1_194' title='bbox 336 3062 365 3113; x_wconf 84' lang='lat' dir='ltr'>ct</span> <span class='ocrx_word' id='word_1_195' title='bbox 388 3053 515 3116; x_wconf 81' lang='lat' dir='ltr'>difficilia</span> <span class='ocrx_word' id='word_1_196' title='bbox 537 3065 604 3114; x_wconf 87' lang='lat' dir='ltr'>sunt</span> <span class='ocrx_word' id='word_1_197' title='bbox 626 3073 672 3127; x_wconf 83' lang='lat' dir='ltr'>ea,</span> <span class='ocrx_word' id='word_1_198' title='bbox 693 3075 756 3134; x_wconf 74' lang='lat' dir='ltr'>quar</span> <span class='ocrx_word' id='word_1_199' title='bbox 779 3065 845 3116; x_wconf 85' lang='lat' dir='ltr'>suut</span> <span class='ocrx_word' id='word_1_200' title='bbox 870 3053 977 3114; x_wconf 74' lang='lat' dir='ltr'>oratori</span> 
     </span>
    </p>
   </div>
   <div class='ocr_carea' id='block_1_4' title="bbox 0 0 1100 3567">
    <p class='ocr_par' dir='ltr' id='par_1_4' title="bbox 0 0 1100 3567">
     <span class='ocr_line' id='line_1_30' title="bbox 0 0 1100 3567; baseline 0 0"><span class='ocrx_word' id='word_1_201' title='bbox 0 0 1100 3567; x_wconf 95' lang='lat' dir='ltr'> </span> 
     </span>
    </p>
   </div>
  </div>
 </body>
</html>
