2167 3567
148 303 190 364 ὥ
467 315 510 363 nu
532 316 696 363 ousuous
906 311 979 376 [nr.

194 462 368 545 appellabat)
385 464 483 523 referti
503 476 599 524 essent
620 483 719 523 eorum
740 464 821 535 libri;
849 464 887 521 de
907 464 979 522 ciri·

192 560 298 623 tatibus
324 561 515 634 instituendis,
543 563 579 619 de
606 562 766 620 scribendis
791 561 914 639 legibus,
939 562 980 619 de

193 656 334 731 equitate,
362 657 398 715 de
428 658 549 733 justitie,
577 658 613 715 de
646 658 712 729 fide,
740 658 777 714 de
810 658 979 735 frangendis

193 752 409 827 cupiditatibus,
427 754 463 811 de
484 752 698 811 conformandis
720 754 865 812 bominum
892 754 981 811 mori·

162 848 255 920 obus,
282 850 365 907 litera
391 850 421 907 in
448 869 546 907 eorum
574 850 653 907 libris
679 850 758 907 nulla
791 850 977 907 inveniretur.

192 943 258 1019 Ipsa
278 964 343 1003 vero
369 946 576 1021 praeceptasic
596 945 715 1002 illudere
741 946 860 1016 solebat,
882 956 912 1003 ut
933 964 982 1001 os-

191 1039 330 1113 tenderet,
346 1060 403 1098 nou
425 1042 509 1099 modo
523 1060 574 1099 eos
595 1042 671 1099 illius
691 1051 822 1116 expertes
834 1060 897 1097 esse
911 1060 980 1116 pru·

192 1135 305 1207 dentiae,
333 1156 417 1212 quem
450 1138 504 1195 sibi
538 1138 723 1208 asciscerent,
750 1137 799 1194 sed
834 1156 871 1194 ne
900 1136 979 1195 hanc

193 1234 308 1309 quidem
329 1236 418 1310 ipsam
439 1236 556 1293 dicendi
576 1236 715 1293 rationem
735 1254 769 1293 ac
786 1235 860 1292 viam
880 1235 980 1293 ndsse.

148 1342 178 1392 1o
193 1330 287 1407 Caput
313 1330 391 1387 enim
418 1350 480 1389 esse
508 1331 697 1389 arbitrabatur
730 1331 859 1402 oratoris,
888 1340 921 1387 ut
948 1341 980 1387 et

97 1454 100 1465 ·
193 1426 271 1501 ipsis,
297 1427 371 1501 apud
395 1446 466 1501 quos
494 1437 600 1504 ageret,
625 1427 698 1498 tulis,
722 1427 836 1502 qualem
859 1445 890 1483 se
914 1427 979 1503 ipse

193 1531 313 1597 optaret,
342 1523 499 1593 videretur,
528 1523 558 1580 id
584 1524 645 1580 fieri
672 1524 735 1581 vitae
761 1524 912 1599 dignitate,
940 1524 980 1581 de

192 1617 249 1692 qui
275 1618 345 1676 nihil
372 1619 508 1679 rhetorici
536 1619 584 1676 isti
610 1620 745 1677 doctores
770 1618 800 1676 in
825 1619 980 1694 preceptis

192 1715 252 1773 suis
272 1716 469 1791 reliquissent:
490 1728 519 1774 et
533 1718 574 1775 uti
588 1736 696 1788 eornm,
712 1718 761 1792 qui
777 1716 921 1787 audirent,
933 1717 980 1775 sic

147 1822 178 1871 15
194 1814 373 1871 afficerentur
400 1815 498 1886 animi,
522 1826 555 1873 ut
581 1835 634 1873 eos
658 1816 732 1873 affici
752 1815 836 1872 vellet
862 1826 980 1873 orator:

162 1927 166 1935 ·
192 1911 267 1985 quod
289 1911 356 1967 item
378 1912 438 1969 fieri
460 1913 538 1969 nullo
557 1913 643 1969 ruodo
663 1931 757 1987 posse,
778 1912 833 1968 nisi
855 1930 983 1988 cognos-

193 2008 319 2079 ceretis,
337 2010 385 2084 qui
399 2010 517 2081 diceret,
532 2022 602 2085 quot
617 2010 709 2067 modis
730 2010 880 2066 hominurn
898 2028 983 2067 men·

193 2116 246 2178 tes,
260 2117 289 2164 et
308 2108 411 2182 quibus
431 2109 525 2179 rebus,
541 2118 569 2165 et
584 2126 641 2183 quo
660 2125 766 2185 genere
783 2107 931 2178 orationis,
947 2108 979 2166 in

192 2222 333 2278 quamque
353 2214 461 2279 partem
483 2214 681 2262 moverentur:
710 2204 771 2261 baec
799 2214 894 2261 autern
913 2222 983 2261 esse

145 2302 178 2351 20
192 2299 307 2374 penitus
346 2300 376 2357 in
409 2301 504 2357 medii
537 2300 716 2376 philosophici
748 2310 859 2358 retrusa
892 2310 983 2374 atque

192 2394 304 2465 abdita;
326 2414 388 2469 quae
403 2396 450 2453 isti
464 2398 593 2453 rhetores
610 2414 647 2452 ne
667 2395 840 2472 primoribus
858 2396 978 2469 quidem

192 2489 279 2547 labris
312 2491 480 2567 attigissent.
541 2491 586 2549 Ea
618 2490 808 2549 Menedemus
839 2491 983 2567 exetuplis

192 2584 293 2662 magis,
321 2605 405 2661 quam
434 2587 617 2663 argumentis,
645 2588 802 2645 conabatur
828 2588 979 2645 refellere:

192 2681 355 2755 memoriter
382 2682 459 2739 enirn
487 2682 576 2742 multa
595 2702 631 2740 ex
654 2684 831 2743 orationibus
857 2684 980 2741 Demos-

106 2770 109 2777 ’
146 2788 178 2839 llo
191 2777 286 2839 thenis
317 2778 453 2854 preclare
486 2780 593 2855 scripta
623 2781 822 2855 pronuntians,
851 2780 978 2852 dicebat,

192 2873 271 2933 illum
299 2874 329 2932 iu
356 2874 459 2933 animis
492 2876 534 2933 vel
566 2876 705 2951 judicum,
734 2877 776 2932 vel
810 2876 919 2952 populi,
946 2877 978 2935 iu

192 2988 306 3029 omnem
325 2981 435 3049 partem
454 2970 579 3029 dicendo
592 2972 802 3048 permovendis,
816 2990 875 3029 non
890 2972 978 3031 fuisse
