2167 3567
134 290 175 351 4⁰
281 366 285 373 Ι
453 300 496 347 nn
518 299 681 347 oasaoaa.
892 298 934 359 [a.
945 297 968 345 1.

181 445 258 505 illius
284 444 446 505 inventores
465 456 494 505 et
513 446 658 523 principes
684 445 772 503 fuisae
799 456 966 514 constmet:

181 542 427 617 eloquentissimos
461 553 555 601 autem
582 544 722 613 homiues,
749 541 798 617 qui
826 542 882 599 ista
909 535 983 599 nec‘

181 638 358 707 didicissent,
373 658 427 695 nec
441 640 558 695 omnino
571 639 645 695 scire
660 640 817 709 curissent,
833 639 968 695 innume·

182 734 285 797 rabiles
306 735 441 809 quosdam
467 734 649 791 nominabat:
677 734 707 791 iu
733 734 838 808 quibus
864 734 966 805 etiam,

151 829 256 905 5(sive
276 830 324 887 ille
345 830 474 900 irridens,
495 830 555 887 sive
575 830 649 904 quod
671 830 711 887 ita
732 839 856 903 putaret,
878 839 967 903 atque

149 977 150 985 ,
183 926 223 983 ita
243 926 391 1004 audisset)
412 944 458 982 me
478 926 507 983 in
529 925 578 982 illo
599 943 728 995 numero,
749 924 798 999 qui
825 924 876 982 illa
903 942 966 982 nou

182 1021 356 1092 didicissem,
377 1031 406 1078 et
432 1031 527 1079 tamen
550 1020 595 1096 (ut
615 1021 676 1099 ipse
695 1020 825 1098 dicebat)
847 1038 968 1096 possem

183 1117 289 1191 aliquid
316 1118 345 1175 iu
371 1118 504 1189 diceudo,
529 1116 697 1192 proferebat
750 1116 887 1178 Quorum
920 1116 965 1173 illi

183 1213 302 1273 alterum
326 1214 410 1271 facile
434 1212 617 1280 assentiebar,
641 1212 711 1269 nihil
736 1230 783 1269 me
807 1212 966 1282 didicisse;

138 1320 167 1368 lu
184 1308 212 1366 iu
240 1310 328 1366 altero
356 1320 449 1366 autem
476 1328 522 1365 me
556 1308 637 1365 illudi
663 1309 699 1365 ab
725 1326 771 1379 eo,
799 1317 848 1365 aut
874 1309 967 1366 etiam

182 1404 274 1479 ipsum
301 1423 395 1463 errare
429 1404 592 1461 arbitrabar.
652 1406 753 1461 Artem
781 1422 848 1461 vero
874 1423 966 1481 nega·

182 1500 231 1557 bat
257 1518 319 1555 esse
346 1501 442 1571 ullam,
462 1499 518 1557 nisi
544 1518 607 1574 quae
633 1500 767 1576 coguitis,
790 1500 968 1575 penitusque

181 1595 345 1670 perspectis,
366 1607 395 1652 et
415 1595 445 1653 iu
463 1613 553 1653 unum
579 1595 686 1653 exitum
706 1596 913 1670 spectantibus,
934 1607 968 1656 et

181 1707 327 1763 uunquam
351 1690 513 1747 fallentibus
536 1691 621 1749 rebus
645 1691 847 1749 contineretur.
889 1692 967 1751 Haeo

136 1788 167 1837 15
185 1794 278 1845 autem
305 1785 411 1858 omnia,
432 1806 493 1861 quae
519 1796 713 1856 tractarentur,
729 1788 765 1844 ab
790 1788 966 1860 oratoribus,

184 1879 271 1938 dubia
290 1891 400 1939 esseet
418 1882 527 1939 incerta
536 1902 544 1951 ;
554 1941 555 1944 ,
566 1901 631 1939 cum
645 1892 674 1939 et
687 1882 851 1939 dicerentur
867 1884 903 1940 ab
917 1884 965 1955 irs,

184 1974 232 2051 qui
252 1994 287 2033 ea
305 1976 401 2033 omnia
420 1996 476 2035 non
496 1977 580 2053 plane
599 1986 739 2050 tenerent,
753 1988 782 2035 et
796 1978 965 2037 audirentur

185 2073 220 2129 ab
240 2072 284 2143 iis,
305 2073 408 2147 quibus
431 2092 487 2131 non
508 2073 629 2131 scientia
648 2085 722 2130 esset
742 2074 890 2145 tradenda,
911 2076 965 2133 sed

184 2167 279 2244 exigui
305 2170 438 2244 temporis
466 2179 512 2226 aut
541 2170 619 2241 falsa,
647 2181 696 2227 aut
727 2181 804 2227 certe
837 2172 964 2229 obscura

135 2271 167 2321 20
184 2264 288 2339 opinio.
328 2265 409 2328 Quid
430 2266 537 2323 multat
557 2265 600 2322 sic
620 2266 689 2322 mihi
710 2276 771 2322 tum
790 2267 963 2341 persuadere

183 2360 339 2430 videbatur,
360 2379 451 2436 neque
473 2360 622 2417 artificium
643 2360 730 2417 ulium
750 2379 813 2416 esse
834 2362 962 2433 dicendi,

183 2472 275 2527 neque
302 2474 470 2530 quemquam
496 2474 588 2531 posse,
611 2455 666 2511 uisi
694 2455 742 2530 qui
769 2456 827 2526 illa,
855 2476 918 2531 qure
946 2478 964 2516 a

184 2549 356 2606 doctissimis
375 2550 535 2609 homiuibus
550 2551 579 2609 in
592 2551 772 2626 philosophia
787 2552 962 2625 dicerentur,

184 2645 345 2723 cogndsset‚
367 2657 415 2704 aut
435 2648 538 2705 callide
559 2630 742 2723 aut‘copiose
765 2649 870 2708 dicere.
925 2651 963 2709 lu

135 2749 167 2800 25
183 2742 285 2818 quibus
318 2742 414 2801 dicere
450 2744 626 2803 Charmadas
660 2745 779 2816 solebat,
812 2745 962 2822 ingenium

175 2828 274 2909 tuum,
302 2838 415 2912 Crasse,
442 2841 623 2899 vehementer
656 2840 808 2911 admirans,
834 2860 881 2898 me
906 2844 962 2902 sibi

183 2934 348 3011 perfacilem
381 2935 411 2993 iu
446 2936 595 3010 audiendo,
624 2946 653 2994 te
685 2954 897 3014 perpugnacem
930 2938 962 2998 iu

185 3030 355 3107 disputando
368 3051 430 3092 esse
444 3032 541 3092 visum.
571 3067 576 3073 -
799 3085 809 3118 ,
