2167 3567
56 296 58 303 ’
135 318 176 378 52
456 328 499 377 na
522 328 685 377 onerosa.
894 330 967 391 [nn
1059 333 1061 336 ·

182 476 318 535 subimus.
358 476 482 539 Quoties
495 478 572 536 enim
586 478 719 551 dicimus,
733 477 818 536 toties
831 476 868 537 de
881 478 970 538 nobis

180 572 342 649 judicatur:
364 584 402 646 et,
417 574 465 649 qui
486 575 574 631 semel
595 575 624 632 in
645 584 727 651 gestu
746 574 887 651 peccavit,
905 594 970 633 non

184 670 322 729 continuo
355 672 531 729 existimatur
568 671 680 729 nescire
716 682 845 748 gestum;
882 672 971 749 cujus

184 776 278 823 autern
299 766 329 824 in
349 767 473 824 dicendo
493 767 600 841 aliquid
620 767 821 842 reprehensum
842 778 894 841 est,
916 778 969 827 aut

152 872 290 922 butema
310 863 339 920 in
360 881 405 935 eo,
427 874 475 921 aut
498 875 577 920 certe
605 862 740 921 diuturna
766 864 840 921 valet
865 864 969 941 opinio

183 957 333 1015 tarditatis.

224 1148 367 1207 XXVIII.
394 1148 469 1206 Illud
490 1168 567 1220 vero,
587 1152 663 1227 quod
685 1170 701 1209 a
720 1162 749 1209 te
775 1152 883 1210 dictum
909 1162 966 1225 est,

185 1264 247 1304 esse
261 1245 410 1322 permulta,
424 1265 486 1321 quae
507 1263 602 1304 orator
613 1248 677 1305 -nisi
692 1267 708 1305 a
720 1249 823 1305 naturai
836 1250 967 1320 baberet,

184 1361 243 1399 non
264 1324 383 1399 multum
405 1360 422 1399 a
442 1343 577 1419 magistro
598 1344 786 1420 adjuvaretur,
808 1343 967 1403 valde'tibi

139 1448 169 1497 1⁰
187 1439 331 1508 assentior,
347 1439 432 1513 inque
444 1457 482 1496 no
495 1438 539 1495 vel
555 1439 677 1497 maxime
689 1441 807 1515 probari
821 1426 972 1500 summurn

186 1533 265 1591 illum
302 1533 460 1603 doctorem,
498 1534 731 1592 Alabandensem
768 1535 966 1611 Apollonium,

185 1628 244 1703 qui,
272 1646 338 1686 cum
365 1629 498 1686 mercede
525 1630 662 1703 doceret,
675 1642 771 1689 tamon
797 1649 856 1689 non
876 1631 968 1707 potie-

186 1726 278 1796 batur,
300 1744 360 1796 eos,
382 1744 454 1799 quos
477 1726 625 1801 judicabat
651 1746 708 1785 non
733 1744 817 1804 posse
839 1737 967 1786 oratores

186 1822 315 1892 evadere,
330 1839 445 1897 operam
466 1822 538 1898 apud
560 1839 622 1878 sese
645 1822 773 1898 perdere,
794 1823 968 1882 dimittebat·

140 1928 171 1977 15
187 1934 257 1991 que3
284 1927 313 1974 et
334 1917 369 1975 ad
390 1936 474 1991 quarn
495 1936 635 1993 quemque
656 1929 745 1975 artem
764 1921 882 1994 putabat
903 1935 967 1978 csse

187 2024 292 2089 aptum,
311 2014 345 2070 ad
366 2032 429 2071 eam
451 2014 596 2089 impellere
618 2025 700 2089 atque
720 2014 826 2073 hortari
847 2016 964 2076 solebat.

187 2110 263 2167 Satis
290 2119 333 2167 est
359 2110 435 2169 enim
468 2111 572 2167 ceteris
605 2110 733 2169 artificiis
764 2112 966 2188 percipiendis,

185 2206 384 2264 tantummodo
404 2206 525 2263 similem
547 2223 610 2263 esse
631 2197 767 2276 bominis,
788 2216 817 2264 et
836 2207 876 2278 id,
890 2208 965 2283 quod

186 2303 322 2373 tradatur,
343 2303 385 2359 rel
407 2302 492 2359 etiarn
514 2303 684 2373 inculcetur,
709 2302 733 2359 si
754 2302 817 2376 quis
837 2302 909 2361 sorte
928 2303 968 2361 sit

138 2410 171 2460 ω
186 2399 302 2468 tardior,
335 2416 418 2474 posse
450 2397 599 2473 percipere
632 2398 738 2468 animo,
766 2408 796 2455 et
826 2400 965 2457 memorib

186 2493 338 2550 custodire.
380 2492 449 2550 Non
469 2494 606 2568 quaeritur
621 2492 765 2551 mobilitas
778 2494 892 2570 linguae,
907 2513 965 2554 non

186 2588 317 2648 celeritas
337 2589 497 2660 verborum,
511 2608 570 2646 nou
589 2589 714 2663 denique
735 2608 779 2660 ea,
800 2609 862 2664 qum
883 2591 965 2649 nobis

184 2700 244 2742 non
260 2702 411 2759 possumus
431 2685 549 2760 lingere,
563 2684 662 2756 facies,
676 2685 780 2755 vultus,
794 2702 891 2744 sonus.
931 2685 965 2745 lu

185 2791 298 2839 oratore
319 2791 414 2838 autem
435 2800 556 2838 acumen
573 2781 801 2854 dialecticorum,
817 2783 964 2841 sententiaa

138 2892 171 2943 25
184 2877 427 2954 philosophorum,
441 2878 527 2935 verba
546 2895 637 2952 prope
653 2880 813 2953 poetarum,
830 2878 966 2937 memoria

182 2973 460 3050 jurisconsultorum,
474 2992 528 3031 vox
548 2972 747 3049 tragoedorum,
768 2981 865 3049 gestus
884 2992 965 3052 paena

185 3084 362 3155 summorum
389 3079 517 3129 actorum
544 3076 588 3127 est
607 3067 802 3146 requirendus.
855 3070 965 3138 Onam·
