2167 3567
110 330 182 392 nn]
396 328 440 379 uu
462 328 626 379 carrona.
909 316 949 378 ll

111 481 244 539 omnium
265 499 361 539 rerum
384 498 553 557 magnarum
576 492 660 557 atque
684 481 787 539 artium
810 480 904 539 scieu-

113 577 186 635 tium
206 588 388 635 consecutus.
430 578 547 635 Etenim
565 597 600 635 ex
618 597 714 636 rerum
735 578 902 656 cognitione

112 674 275 731 efflorescat
284 684 319 730 'et
333 674 473 731 redundet
494 685 606 750 oportet
626 676 735 735 oratio:
758 695 831 750 quar,
845 676 903 735 nisi

110 772 213 829 subest
233 790 279 827 res
300 772 336 829 ab
356 782 467 829 oratore
486 782 623 847 percepta
643 782 672 829 et
691 773 818 849 cognita,
844 774 903 831 ine·

108 886 180 925 nem
195 868 338 942 quandam
359 867 445 924 habet
463 868 656 925 elocutionem
672 880 701 926 et
713 888 796 945 pene
809 868 932 945 pueri-⁶
951 866 956 873 ’

110 964 179 1021 lem.
231 964 335 1039 Neque
355 982 423 1021 vero
443 983 499 1041 ego
519 965 575 1023 hoc
601 976 712 1023 tantum
735 966 832 1023 oneris
851 967 904 1023 im·

108 1079 231 1138 ponam,
258 1060 363 1117 nostris
393 1062 551 1136 presertim
585 1062 756 1133 oratoribus,
782 1063 813 1119 in
846 1063 903 1121 bac

110 1157 195 1214 tantd
222 1157 412 1232 occupatione
438 1156 528 1228 urbis,
554 1176 589 1214 ac
614 1158 689 1230 vitre,
710 1158 781 1215 nihil
809 1169 842 1215 ut
867 1159 903 1215 iis

109 1262 212 1329 putem
239 1252 328 1311 licere
355 1253 484 1310 nescire:
511 1262 673 1329 quanquam
702 1253 744 1310 vis
770 1254 901 1326 oratoris,

109 1349 311 1425 professioque
335 1349 397 1424 ipsa
420 1348 494 1407 bene
521 1350 648 1422 dicendi,
673 1352 729 1408 boc
756 1351 948 1426 susciperem

113 1464 151 1503 ac
169 1445 301 1521 polliceri
321 1446 442 1518 videtur,
458 1457 489 1503 ut
509 1447 589 1504 omni
608 1448 645 1504 de
659 1466 700 1519 re,
715 1466 903 1523 quaecumque

111 1540 151 1598 eit
172 1538 324 1618 proposita,
344 1542 380 1599 ab
400 1560 435 1599 eo
456 1553 566 1616 ornate,
588 1544 758 1619 copioseque
779 1543 900 1601 dicetur.

111 1638 175 1696 Sed
198 1637 346 1713 quianon
372 1637 480 1710 dubito,
505 1639 574 1713 quin
601 1639 660 1696 boc
684 1640 828 1715 plerisque
851 1640 903 1697 im·

110 1752 247 1792 mensum
267 1733 467 1809 infinitumque
484 1734 624 1806 rideatur,
638 1744 668 1791 et
687 1735 764 1810 quod
783 1736 902 1793 Graecos
998 1792 1002 1804 ,

110 1830 247 1888 homines
273 1850 331 1889 non
358 1831 450 1888 solum
478 1830 596 1907 ingenio
624 1841 654 1889 et
680 1832 823 1904 doctrine,
850 1832 902 1891 sed
918 1837 949 1888 15
995 1815 1000 1837 ¹

110 1926 201 1984 etiam
228 1926 287 1985 otio
318 1927 469 2003 studioque
503 1926 691 1995 abundantes,
717 1928 902 2004 partitionem

110 2021 257 2098 quandam
286 2022 389 2080 artium
416 2022 519 2079 fecisse
546 2022 638 2094 video,
662 2040 757 2098 neque
782 2024 813 2081 in
839 2024 904 2081 uni·

112 2136 197 2176 verso
218 2136 323 2195 genere
344 2118 472 2195 singulos
490 2120 662 2190 elabordsse‚
677 2120 726 2177 sed
741 2121 902 2196 seposuisse

114 2234 133 2274 a
152 2215 257 2273 ceteris
277 2214 452 2273 dictionibus
472 2232 536 2271 eam
559 2226 669 2289 partem
690 2217 817 2287 dicendi,
839 2236 901 2289 que

113 2313 145 2371 iu
170 2312 331 2369 forensibus
354 2310 612 2386 disceptationibus
636 2310 811 2386 judiciorum
838 2310 903 2387 [aut
917 2320 950 2370 2⁰

113 2408 370 2488 deliberationum]
398 2418 570 2479 versaretur,
591 2418 620 2464 et
640 2407 669 2463 id
696 2426 784 2464 unum
811 2428 902 2486 genus

111 2504 221 2563 oratori
241 2504 406 2579 reliquisse3
431 2523 490 2561 uon
511 2504 687 2580 complectar
707 2504 736 2561 in
758 2505 802 2562 bis
821 2504 902 2563 libris

113 2600 248 2678 amplius,
261 2620 346 2676 quam
367 2601 443 2676 quod
465 2602 534 2658 huic
554 2602 663 2678 generi,
681 2620 714 2659 re
734 2603 853 2677 quesiti
873 2612 904 2660 et

114 2697 237 2755 multum
259 2697 414 2773 disputati,
436 2716 612 2754 summorum
639 2698 788 2755 bominum
814 2714 903 2773 prope

115 2811 259 2852 consensu
292 2804 336 2850 est
368 2793 523 2850 tributum:
558 2804 751 2869 repetamque,
779 2810 837 2850 nou
868 2792 903 2850 ab
918 2802 950 2851 25

114 2889 301 2948 incunabulis
321 2900 426 2947 nostrie
446 2889 550 2947 veteris
570 2890 744 2965 puerilisque
764 2888 903 2948 doctrinae

113 2986 260 3063 quendem
287 2986 417 3044 ordinem
443 2996 663 3065 preceptorum,
690 2985 739 3042 sed
767 3002 812 3056 ee,
839 3003 903 3060 qure

115 3084 262 3160 quondam
291 3082 390 3161 accepi
418 3082 447 3140 in
474 3091 638 3141 nostrorum
664 3080 823 3153 bominum,
846 3078 905 3141 elo·
