<?xml version="1.0" encoding="UTF-8"?>
<!DOCTYPE html PUBLIC "-//W3C//DTD XHTML 1.0 Transitional//EN"
    "http://www.w3.org/TR/xhtml1/DTD/xhtml1-transitional.dtd">
<html xmlns="http://www.w3.org/1999/xhtml" xml:lang="en" lang="en">
 <head>
  <title>
</title>
<meta http-equiv="Content-Type" content="text/html;charset=utf-8" />
  <meta name='ocr-system' content='tesseract 3.04.00' />
  <meta name='ocr-capabilities' content='ocr_page ocr_carea ocr_par ocr_line ocrx_word'/>
</head>
<body>
  <div class='ocr_page' id='page_1' title='image "./mtciceronisadqu01dillgoog_0128.png"; bbox 0 0 2167 3567; ppageno 0'>
   <div class='ocr_carea' id='block_1_1' title="bbox 132 325 958 396">
    <p class='ocr_par' dir='ltr' id='par_1_1' title="bbox 132 325 958 396">
     <span class='ocr_line' id='line_1_1' title="bbox 132 325 958 396; baseline -0.004 -11"><span class='ocrx_word' id='word_1_1' title='bbox 132 325 189 385; x_wconf 78' lang='lat'>122</span> <span class='ocrx_word' id='word_1_2' title='bbox 244 329 247 340; x_wconf 90' lang='grc'><em>·</em></span> <span class='ocrx_word' id='word_1_3' title='bbox 447 333 489 382; x_wconf 82' lang='lat' dir='ltr'>nn</span> <span class='ocrx_word' id='word_1_4' title='bbox 513 335 677 384; x_wconf 73' lang='lat' dir='ltr'>onerona.</span> <span class='ocrx_word' id='word_1_5' title='bbox 876 335 958 396; x_wconf 78' lang='lat' dir='ltr'>[nn</span> 
     </span>
    </p>
   </div>
   <div class='ocr_carea' id='block_1_2' title="bbox 132 484 980 1810">
    <p class='ocr_par' dir='ltr' id='par_1_2' title="bbox 132 484 980 1810">
     <span class='ocr_line' id='line_1_2' title="bbox 176 484 960 561; baseline 0 -19"><span class='ocrx_word' id='word_1_6' title='bbox 176 485 339 557; x_wconf 77' lang='lat' dir='ltr'>arriserunt,</span> <span class='ocrx_word' id='word_1_7' title='bbox 360 485 423 543; x_wconf 88' lang='lat' dir='ltr'>Res</span> <span class='ocrx_word' id='word_1_8' title='bbox 443 485 513 544; x_wconf 90' lang='lat' dir='ltr'>nrihi</span> <span class='ocrx_word' id='word_1_9' title='bbox 533 486 646 544; x_wconf 85' lang='lat' dir='ltr'>videtur</span> <span class='ocrx_word' id='word_1_10' title='bbox 665 498 739 557; x_wconf 87' lang='lat' dir='ltr'>esse,</span> <span class='ocrx_word' id='word_1_11' title='bbox 755 484 857 561; x_wconf 87' lang='lat' dir='ltr'>inquit,</span> <span class='ocrx_word' id='word_1_12' title='bbox 870 484 960 543; x_wconf 83' lang='lat' dir='ltr'>Iaoul·</span> 
     </span>
     <span class='ocr_line' id='line_1_3' title="bbox 174 580 959 657; baseline 0 -19"><span class='ocrx_word' id='word_1_13' title='bbox 174 591 233 638; x_wconf 90' lang='lat' dir='ltr'>tate</span> <span class='ocrx_word' id='word_1_14' title='bbox 247 581 393 657; x_wconf 77' lang='lat' dir='ltr'>preclara,</span> <span class='ocrx_word' id='word_1_15' title='bbox 409 593 467 639; x_wconf 81' lang='lat' dir='ltr'>erte</span> <span class='ocrx_word' id='word_1_16' title='bbox 482 580 644 640; x_wconf 76' lang='lat' dir='ltr'>mediocris.</span> <span class='ocrx_word' id='word_1_17' title='bbox 685 584 743 640; x_wconf 82' lang='lat' dir='ltr'>Ars</span> <span class='ocrx_word' id='word_1_18' title='bbox 761 582 838 640; x_wconf 83' lang='lat' dir='ltr'>enirn</span> <span class='ocrx_word' id='word_1_19' title='bbox 859 599 959 639; x_wconf 86' lang='lat' dir='ltr'>earum</span> 
     </span>
     <span class='ocr_line' id='line_1_4' title="bbox 174 676 959 754; baseline 0.001 -21"><span class='ocrx_word' id='word_1_20' title='bbox 174 694 269 734; x_wconf 88' lang='lat' dir='ltr'>rerum</span> <span class='ocrx_word' id='word_1_21' title='bbox 289 688 332 736; x_wconf 88' lang='lat' dir='ltr'>est</span> <span class='ocrx_word' id='word_1_22' title='bbox 351 697 414 754; x_wconf 82' lang='lat' dir='ltr'>quae</span> <span class='ocrx_word' id='word_1_23' title='bbox 434 678 581 748; x_wconf 82' lang='lat' dir='ltr'>sciuntur;</span> <span class='ocrx_word' id='word_1_24' title='bbox 609 678 731 736; x_wconf 86' lang='lat' dir='ltr'>oratoris</span> <span class='ocrx_word' id='word_1_25' title='bbox 751 688 846 736; x_wconf 81' lang='lat' dir='ltr'>eutem</span> <span class='ocrx_word' id='word_1_26' title='bbox 865 676 959 735; x_wconf 89' lang='lat' dir='ltr'>omnis</span> 
     </span>
     <span class='ocr_line' id='line_1_5' title="bbox 177 772 959 849; baseline 0 -19"><span class='ocrx_word' id='word_1_27' title='bbox 177 773 251 832; x_wconf 84' lang='lat' dir='ltr'>actio</span> <span class='ocrx_word' id='word_1_28' title='bbox 263 773 456 849; x_wconf 80' lang='lat' dir='ltr'>opinionibus,</span> <span class='ocrx_word' id='word_1_29' title='bbox 467 791 526 832; x_wconf 92' lang='lat' dir='ltr'>non</span> <span class='ocrx_word' id='word_1_30' title='bbox 536 774 668 847; x_wconf 65' lang='lat' dir='ltr'>scientie,</span> <span class='ocrx_word' id='word_1_31' title='bbox 680 774 853 832; x_wconf 80' lang='lat' dir='ltr'>continetur.</span> <span class='ocrx_word' id='word_1_32' title='bbox 880 772 910 830; x_wconf 90' lang='lat' dir='ltr'><strong>N</strong></span> <span class='ocrx_word' id='word_1_33' title='bbox 913 791 959 830; x_wconf 86' lang='lat' dir='ltr'>aur</span> 
     </span>
     <span class='ocr_line' id='line_1_6' title="bbox 146 869 959 946; baseline 0.002 -22"><span class='ocrx_word' id='word_1_34' title='bbox 146 875 162 924; x_wconf 78' lang='grc'>5</span> <span class='ocrx_word' id='word_1_35' title='bbox 176 882 204 927; x_wconf 87' lang='lat' dir='ltr'>et</span> <span class='ocrx_word' id='word_1_36' title='bbox 219 870 293 945; x_wconf 87' lang='lat' dir='ltr'>apud</span> <span class='ocrx_word' id='word_1_37' title='bbox 308 888 357 927; x_wconf 91' lang='lat' dir='ltr'>eos</span> <span class='ocrx_word' id='word_1_38' title='bbox 371 871 504 942; x_wconf 77' lang='lat' dir='ltr'>dicimus,</span> <span class='ocrx_word' id='word_1_39' title='bbox 518 870 567 946; x_wconf 89' lang='lat' dir='ltr'>qui</span> <span class='ocrx_word' id='word_1_40' title='bbox 587 871 731 941; x_wconf 79' lang='lat' dir='ltr'>nesqunt,</span> <span class='ocrx_word' id='word_1_41' title='bbox 745 880 775 927; x_wconf 89' lang='lat' dir='ltr'>et</span> <span class='ocrx_word' id='word_1_42' title='bbox 787 889 823 928; x_wconf 89' lang='lat' dir='ltr'>ea</span> <span class='ocrx_word' id='word_1_43' title='bbox 834 869 959 927; x_wconf 85' lang='lat' dir='ltr'>dioimus</span> 
     </span>
     <span class='ocr_line' id='line_1_7' title="bbox 177 964 959 1046; baseline 0 -25"><span class='ocrx_word' id='word_1_44' title='bbox 177 985 239 1040; x_wconf 76' lang='lat' dir='ltr'>quar</span> <span class='ocrx_word' id='word_1_45' title='bbox 265 966 410 1023; x_wconf 78' lang='lat' dir='ltr'>nescimus</span> <span class='ocrx_word' id='word_1_46' title='bbox 437 966 507 1046; x_wconf 88' lang='lat' dir='ltr'>ipsi:</span> <span class='ocrx_word' id='word_1_47' title='bbox 540 967 638 1041; x_wconf 86' lang='lat' dir='ltr'>itaque</span> <span class='ocrx_word' id='word_1_48' title='bbox 664 965 758 1024; x_wconf 84' lang='lat' dir='ltr'>atilli</span> <span class='ocrx_word' id='word_1_49' title='bbox 785 965 855 1024; x_wconf 80' lang='lat' dir='ltr'>alias</span> <span class='ocrx_word' id='word_1_50' title='bbox 882 964 959 1022; x_wconf 84' lang='lat' dir='ltr'>aliud</span> 
     </span>
     <span class='ocr_line' id='line_1_8' title="bbox 178 1061 960 1139; baseline 0.003 -21"><span class='ocrx_word' id='word_1_51' title='bbox 178 1061 277 1119; x_wconf 89' lang='lat' dir='ltr'>iisdem</span> <span class='ocrx_word' id='word_1_52' title='bbox 299 1063 335 1120; x_wconf 88' lang='lat' dir='ltr'>de</span> <span class='ocrx_word' id='word_1_53' title='bbox 355 1063 439 1121; x_wconf 84' lang='lat' dir='ltr'>rebus</span> <span class='ocrx_word' id='word_1_54' title='bbox 459 1073 487 1120; x_wconf 88' lang='lat' dir='ltr'>et</span> <span class='ocrx_word' id='word_1_55' title='bbox 508 1063 635 1120; x_wconf 90' lang='lat' dir='ltr'>sentiunt</span> <span class='ocrx_word' id='word_1_56' title='bbox 654 1073 684 1120; x_wconf 85' lang='lat' dir='ltr'>et</span> <span class='ocrx_word' id='word_1_57' title='bbox 699 1062 841 1139; x_wconf 79' lang='lat' dir='ltr'>judicant,</span> <span class='ocrx_word' id='word_1_58' title='bbox 859 1071 888 1119; x_wconf 86' lang='lat' dir='ltr'>et</span> <span class='ocrx_word' id='word_1_59' title='bbox 908 1079 960 1120; x_wconf 79' lang='lat' dir='ltr'>noe</span> 
     </span>
     <span class='ocr_line' id='line_1_9' title="bbox 178 1157 980 1234; baseline 0.002 -20"><span class='ocrx_word' id='word_1_60' title='bbox 178 1158 335 1216; x_wconf 81' lang='lat' dir='ltr'>eontrarias</span> <span class='ocrx_word' id='word_1_61' title='bbox 358 1178 433 1234; x_wconf 79' lang='lat' dir='ltr'>sape</span> <span class='ocrx_word' id='word_1_62' title='bbox 456 1177 559 1217; x_wconf 86' lang='lat' dir='ltr'>oausas</span> <span class='ocrx_word' id='word_1_63' title='bbox 582 1159 715 1230; x_wconf 85' lang='lat' dir='ltr'>dioirnus,</span> <span class='ocrx_word' id='word_1_64' title='bbox 736 1177 796 1216; x_wconf 94' lang='lat' dir='ltr'>non</span> <span class='ocrx_word' id='word_1_65' title='bbox 821 1157 907 1215; x_wconf 91' lang='lat' dir='ltr'>modo</span> <span class='ocrx_word' id='word_1_66' title='bbox 927 1162 980 1216; x_wconf 86' lang='lat' dir='ltr'>ut&#39;</span> 
     </span>
     <span class='ocr_line' id='line_1_10' title="bbox 178 1254 961 1331; baseline -0.001 -19"><span class='ocrx_word' id='word_1_67' title='bbox 178 1255 298 1313; x_wconf 85' lang='lat' dir='ltr'>Crassus</span> <span class='ocrx_word' id='word_1_68' title='bbox 325 1266 426 1314; x_wconf 87' lang='lat' dir='ltr'>oontra</span> <span class='ocrx_word' id='word_1_69' title='bbox 452 1273 497 1313; x_wconf 88' lang='lat' dir='ltr'>rue</span> <span class='ocrx_word' id='word_1_70' title='bbox 526 1256 604 1313; x_wconf 84' lang='lat' dir='ltr'>dieat</span> <span class='ocrx_word' id='word_1_71' title='bbox 637 1254 798 1330; x_wconf 79' lang='lat' dir='ltr'>aliquando,</span> <span class='ocrx_word' id='word_1_72' title='bbox 826 1264 875 1312; x_wconf 88' lang='lat' dir='ltr'>aut</span> <span class='ocrx_word' id='word_1_73' title='bbox 906 1272 961 1331; x_wconf 81' lang='lat' dir='ltr'>ego</span> 
     </span>
     <span class='ocr_line' id='line_1_11' title="bbox 132 1350 960 1422; baseline -0.007 -8"><span class='ocrx_word' id='word_1_74' title='bbox 132 1363 163 1414; x_wconf 84' lang='lat' dir='ltr'>lo</span> <span class='ocrx_word' id='word_1_75' title='bbox 178 1364 278 1410; x_wconf 83' lang='lat' dir='ltr'>contre</span> <span class='ocrx_word' id='word_1_76' title='bbox 292 1351 436 1422; x_wconf 84' lang='lat' dir='ltr'>Crassum,</span> <span class='ocrx_word' id='word_1_77' title='bbox 452 1369 517 1409; x_wconf 87' lang='lat' dir='ltr'>oum</span> <span class='ocrx_word' id='word_1_78' title='bbox 532 1352 659 1409; x_wconf 84' lang='lat' dir='ltr'>alterutri</span> <span class='ocrx_word' id='word_1_79' title='bbox 673 1369 792 1408; x_wconf 85' lang='lat' dir='ltr'>neeesse</span> <span class='ocrx_word' id='word_1_80' title='bbox 805 1351 842 1408; x_wconf 89' lang='lat' dir='ltr'>sit</span> <span class='ocrx_word' id='word_1_81' title='bbox 858 1350 960 1408; x_wconf 85' lang='lat' dir='ltr'>falsum</span> 
     </span>
     <span class='ocr_line' id='line_1_12' title="bbox 175 1446 960 1523; baseline 0 -19"><span class='ocrx_word' id='word_1_82' title='bbox 175 1448 289 1517; x_wconf 85' lang='lat' dir='ltr'>·dioere;</span> <span class='ocrx_word' id='word_1_83' title='bbox 311 1446 466 1504; x_wconf 75' lang='lat' dir='ltr'>sedetiam</span> <span class='ocrx_word' id='word_1_84' title='bbox 482 1459 512 1504; x_wconf 90' lang='lat' dir='ltr'>nt</span> <span class='ocrx_word' id='word_1_85' title='bbox 526 1458 646 1523; x_wconf 86' lang='lat' dir='ltr'>uterque</span> <span class='ocrx_word' id='word_1_86' title='bbox 665 1448 794 1505; x_wconf 83' lang='lat' dir='ltr'>nostrrirn</span> <span class='ocrx_word' id='word_1_87' title='bbox 808 1446 910 1504; x_wconf 73' lang='lat' dir='ltr'>eadem</span> <span class='ocrx_word' id='word_1_88' title='bbox 923 1447 960 1504; x_wconf 90' lang='lat' dir='ltr'>de</span> 
     </span>
     <span class='ocr_line' id='line_1_13' title="bbox 177 1543 960 1619; baseline 0 -19"><span class='ocrx_word' id='word_1_89' title='bbox 177 1561 209 1600; x_wconf 89' lang='lat' dir='ltr'>re</span> <span class='ocrx_word' id='word_1_90' title='bbox 230 1543 300 1601; x_wconf 86' lang='lat' dir='ltr'>alies</span> <span class='ocrx_word' id='word_1_91' title='bbox 323 1543 401 1600; x_wconf 88' lang='lat' dir='ltr'>aliud</span> <span class='ocrx_word' id='word_1_92' title='bbox 424 1543 570 1614; x_wconf 84' lang='lat' dir='ltr'>defendet,</span> <span class='ocrx_word' id='word_1_93' title='bbox 593 1563 658 1601; x_wconf 84' lang='lat' dir='ltr'>outn</span> <span class='ocrx_word' id='word_1_94' title='bbox 685 1544 750 1619; x_wconf 87' lang='lat' dir='ltr'>plus</span> <span class='ocrx_word' id='word_1_95' title='bbox 776 1561 836 1600; x_wconf 87' lang='lat' dir='ltr'>uno</span> <span class='ocrx_word' id='word_1_96' title='bbox 861 1559 960 1600; x_wconf 79' lang='lat' dir='ltr'>rerum</span> 
     </span>
     <span class='ocr_line' id='line_1_14' title="bbox 178 1639 959 1716; baseline -0.001 -20"><span class='ocrx_word' id='word_1_97' title='bbox 178 1657 240 1696; x_wconf 88' lang='lat' dir='ltr'>esse</span> <span class='ocrx_word' id='word_1_98' title='bbox 260 1654 318 1698; x_wconf 89' lang='lat' dir='ltr'>non</span> <span class='ocrx_word' id='word_1_99' title='bbox 338 1639 435 1714; x_wconf 83' lang='lat' dir='ltr'>possit.</span> <span class='ocrx_word' id='word_1_100' title='bbox 476 1639 515 1696; x_wconf 90' lang='lat' dir='ltr'>Ut</span> <span class='ocrx_word' id='word_1_101' title='bbox 535 1639 631 1716; x_wconf 85' lang='lat' dir='ltr'>igitur,</span> <span class='ocrx_word' id='word_1_102' title='bbox 646 1639 676 1696; x_wconf 93' lang='lat' dir='ltr'>in</span> <span class='ocrx_word' id='word_1_103' title='bbox 696 1639 882 1715; x_wconf 80' lang='lat' dir='ltr'>ejusmodi&#39;re</span> <span class='ocrx_word' id='word_1_104' title='bbox 896 1657 959 1713; x_wconf 82' lang='lat' dir='ltr'>quta</span> 
     </span>
     <span class='ocr_line' id='line_1_15' title="bbox 178 1735 960 1810; baseline 0 -18"><span class='ocrx_word' id='word_1_105' title='bbox 178 1735 327 1792; x_wconf 82' lang='lat' dir='ltr'>mendacio</span> <span class='ocrx_word' id='word_1_106' title='bbox 347 1735 415 1793; x_wconf 84' lang='lat' dir='ltr'>nixa</span> <span class='ocrx_word' id='word_1_107' title='bbox 434 1735 479 1807; x_wconf 90' lang='lat' dir='ltr'>sit,</span> <span class='ocrx_word' id='word_1_108' title='bbox 497 1755 560 1810; x_wconf 73' lang='lat' dir='ltr'>quae</span> <span class='ocrx_word' id='word_1_109' title='bbox 581 1735 616 1792; x_wconf 91' lang='lat' dir='ltr'>ad</span> <span class='ocrx_word' id='word_1_110' title='bbox 636 1735 785 1793; x_wconf 82' lang='lat' dir='ltr'>seientiam</span> <span class='ocrx_word' id='word_1_111' title='bbox 806 1751 960 1810; x_wconf 82' lang='lat' dir='ltr'>nonsrepe</span> 
     </span>
    </p>
   </div>
   <div class='ocr_carea' id='block_1_3' title="bbox 133 1831 960 2094">
    <p class='ocr_par' dir='ltr' id='par_1_3' title="bbox 133 1831 960 2094">
     <span class='ocr_line' id='line_1_16' title="bbox 133 1831 960 1908; baseline -0.005 -16"><span class='ocrx_word' id='word_1_112' title='bbox 133 1843 163 1892; x_wconf 83' lang='lat'>15</span> <span class='ocrx_word' id='word_1_113' title='bbox 177 1831 332 1906; x_wconf 85' lang='lat' dir='ltr'>perveniat,</span> <span class='ocrx_word' id='word_1_114' title='bbox 359 1851 422 1906; x_wconf 79' lang='lat' dir='ltr'>que</span> <span class='ocrx_word' id='word_1_115' title='bbox 455 1832 605 1908; x_wconf 80' lang='lat' dir='ltr'>opiniones</span> <span class='ocrx_word' id='word_1_116' title='bbox 638 1831 796 1903; x_wconf 87' lang='lat' dir='ltr'>hominnm,</span> <span class='ocrx_word' id='word_1_117' title='bbox 823 1840 864 1889; x_wconf 85' lang='lat' dir='ltr'>et·</span> <span class='ocrx_word' id='word_1_118' title='bbox 884 1848 960 1906; x_wconf 79' lang='lat' dir='ltr'>saepe</span> 
     </span>
     <span class='ocr_line' id='line_1_17' title="bbox 177 1926 960 2003; baseline 0 -19"><span class='ocrx_word' id='word_1_119' title='bbox 177 1945 287 1984; x_wconf 89' lang='lat' dir='ltr'>errores</span> <span class='ocrx_word' id='word_1_120' title='bbox 308 1938 474 2003; x_wconf 75' lang='lat' dir='ltr'>aucupetur,</span> <span class='ocrx_word' id='word_1_121' title='bbox 495 1927 535 1985; x_wconf 86' lang='lat' dir='ltr'>ita</span> <span class='ocrx_word' id='word_1_122' title='bbox 555 1927 660 1999; x_wconf 91' lang='lat' dir='ltr'>dioam,</span> <span class='ocrx_word' id='word_1_123' title='bbox 674 1927 698 1985; x_wconf 83' lang='lat' dir='ltr'>si</span> <span class='ocrx_word' id='word_1_124' title='bbox 718 1945 835 1986; x_wconf 81' lang='lat' dir='ltr'>oausam</span> <span class='ocrx_word' id='word_1_125' title='bbox 853 1926 960 2002; x_wconf 81' lang='lat' dir='ltr'>putatIa</span> 
     </span>
     <span class='ocr_line' id='line_1_18' title="bbox 177 2023 461 2094; baseline 0.007 -14"><span class='ocrx_word' id='word_1_126' title='bbox 177 2039 249 2094; x_wconf 86' lang='lat' dir='ltr'>esse,</span> <span class='ocrx_word' id='word_1_127' title='bbox 265 2040 316 2080; x_wconf 91' lang='lat' dir='ltr'>our</span> <span class='ocrx_word' id='word_1_128' title='bbox 331 2023 461 2082; x_wconf 78' lang='lat' dir='ltr'>audiatis.</span> 
     </span>
    </p>
   </div>
   <div class='ocr_carea' id='block_1_4' title="bbox 131 2214 961 3158">
    <p class='ocr_par' dir='ltr' id='par_1_4' title="bbox 131 2214 961 3158">
     <span class='ocr_line' id='line_1_19' title="bbox 215 2214 960 2290; baseline -0.001 -16"><span class='ocrx_word' id='word_1_129' title='bbox 215 2214 301 2274; x_wconf 88' lang='lat' dir='ltr'><strong>VIII.</strong></span> <span class='ocrx_word' id='word_1_130' title='bbox 329 2214 391 2274; x_wconf 92' lang='lat' dir='ltr'>Nos</span> <span class='ocrx_word' id='word_1_131' title='bbox 418 2233 495 2288; x_wconf 88' lang='lat' dir='ltr'>vero,</span> <span class='ocrx_word' id='word_1_132' title='bbox 522 2226 552 2275; x_wconf 92' lang='lat' dir='ltr'>et</span> <span class='ocrx_word' id='word_1_133' title='bbox 577 2215 660 2274; x_wconf 81' lang='lat' dir='ltr'>valde</span> <span class='ocrx_word' id='word_1_134' title='bbox 687 2215 813 2290; x_wconf 86' lang='lat' dir='ltr'>quidem,</span> <span class='ocrx_word' id='word_1_135' title='bbox 840 2214 960 2273; x_wconf 82' lang='lat' dir='ltr'>Catulus</span> 
     </span>
     <span class='ocr_line' id='line_1_20' title="bbox 178 2310 961 2388; baseline -0.001 -19"><span class='ocrx_word' id='word_1_136' title='bbox 178 2310 279 2386; x_wconf 87' lang='lat' dir='ltr'>inquit,</span> <span class='ocrx_word' id='word_1_137' title='bbox 304 2321 447 2387; x_wconf 88' lang='lat' dir='ltr'>putamus,</span> <span class='ocrx_word' id='word_1_138' title='bbox 476 2322 562 2386; x_wconf 84' lang='lat' dir='ltr'>atque</span> <span class='ocrx_word' id='word_1_139' title='bbox 587 2327 623 2370; x_wconf 87' lang='lat' dir='ltr'>eo</span> <span class='ocrx_word' id='word_1_140' title='bbox 650 2311 751 2388; x_wconf 78' lang='lat' dir='ltr'>megia,</span> <span class='ocrx_word' id='word_1_141' title='bbox 778 2311 855 2386; x_wconf 86' lang='lat' dir='ltr'>quod</span> <span class='ocrx_word' id='word_1_142' title='bbox 880 2311 961 2369; x_wconf 62' lang='lat' dir='ltr'>nulli</span> 
     </span>
     <span class='ocr_line' id='line_1_21' title="bbox 132 2407 960 2476; baseline -0.006 -6"><span class='ocrx_word' id='word_1_143' title='bbox 132 2419 164 2470; x_wconf 77' lang='lat'>20</span> <span class='ocrx_word' id='word_1_144' title='bbox 178 2407 248 2465; x_wconf 87' lang='lat' dir='ltr'>mihi</span> <span class='ocrx_word' id='word_1_145' title='bbox 268 2408 459 2466; x_wconf 83' lang='lat' dir='ltr'>ostentatione</span> <span class='ocrx_word' id='word_1_146' title='bbox 475 2408 580 2465; x_wconf 85' lang='lat' dir='ltr'>rideris</span> <span class='ocrx_word' id='word_1_147' title='bbox 596 2426 662 2476; x_wconf 73' lang='lat' dir='ltr'>esse</span> <span class='ocrx_word' id='word_1_148' title='bbox 681 2426 793 2465; x_wconf 90' lang='lat' dir='ltr'>usurus.</span> <span class='ocrx_word' id='word_1_149' title='bbox 834 2407 960 2465; x_wconf 81' lang='lat' dir='ltr'>Exorans</span> 
     </span>
     <span class='ocr_line' id='line_1_22' title="bbox 178 2503 961 2580; baseline 0 -20"><span class='ocrx_word' id='word_1_150' title='bbox 178 2521 210 2560; x_wconf 86' lang='lat' dir='ltr'>es</span> <span class='ocrx_word' id='word_1_151' title='bbox 222 2503 299 2560; x_wconf 89' lang='lat' dir='ltr'>enim</span> <span class='ocrx_word' id='word_1_152' title='bbox 319 2521 377 2560; x_wconf 92' lang='lat' dir='ltr'>non</span> <span class='ocrx_word' id='word_1_153' title='bbox 398 2503 532 2580; x_wconf 83' lang='lat' dir='ltr'>gloriose,</span> <span class='ocrx_word' id='word_1_154' title='bbox 547 2503 648 2579; x_wconf 80' lang='lat' dir='ltr'>magis,</span> <span class='ocrx_word' id='word_1_155' title='bbox 663 2513 739 2560; x_wconf 86' lang='lat' dir='ltr'>utto</span> <span class='ocrx_word' id='word_1_156' title='bbox 753 2513 845 2579; x_wconf 86' lang='lat' dir='ltr'>putas,</span> <span class='ocrx_word' id='word_1_157' title='bbox 860 2522 878 2560; x_wconf 89' lang='lat' dir='ltr'>a</span> <span class='ocrx_word' id='word_1_158' title='bbox 891 2503 961 2560; x_wconf 87' lang='lat' dir='ltr'>reri·</span> 
     </span>
     <span class='ocr_line' id='line_1_23' title="bbox 177 2598 960 2676; baseline -0.001 -20"><span class='ocrx_word' id='word_1_159' title='bbox 177 2609 246 2670; x_wconf 85' lang='lat' dir='ltr'>tate,</span> <span class='ocrx_word' id='word_1_160' title='bbox 261 2617 344 2674; x_wconf 87' lang='lat' dir='ltr'>quam</span> <span class='ocrx_word' id='word_1_161' title='bbox 360 2599 488 2656; x_wconf 86' lang='lat' dir='ltr'>anesoio</span> <span class='ocrx_word' id='word_1_162' title='bbox 506 2599 564 2674; x_wconf 73' lang='lat' dir='ltr'>qui</span> <span class='ocrx_word' id='word_1_163' title='bbox 583 2599 731 2676; x_wconf 85' lang='lat' dir='ltr'>dignitate.</span> <span class='ocrx_word' id='word_1_164' title='bbox 771 2599 811 2656; x_wconf 95' lang='lat' dir='ltr'>Ut</span> <span class='ocrx_word' id='word_1_165' title='bbox 823 2598 910 2675; x_wconf 86' lang='lat' dir='ltr'>igitur</span> <span class='ocrx_word' id='word_1_166' title='bbox 923 2598 960 2656; x_wconf 88' lang='lat' dir='ltr'>de</span> 
     </span>
     <span class='ocr_line' id='line_1_24' title="bbox 178 2693 958 2772; baseline -0.003 -19"><span class='ocrx_word' id='word_1_167' title='bbox 178 2695 240 2771; x_wconf 91' lang='lat' dir='ltr'>ipso</span> <span class='ocrx_word' id='word_1_168' title='bbox 266 2712 371 2772; x_wconf 86' lang='lat' dir='ltr'>genere</span> <span class='ocrx_word' id='word_1_169' title='bbox 398 2713 461 2752; x_wconf 88' lang='lat' dir='ltr'>sum</span> <span class='ocrx_word' id='word_1_170' title='bbox 492 2695 650 2766; x_wconf 82' lang='lat' dir='ltr'>consessus,</span> <span class='ocrx_word' id='word_1_171' title='bbox 678 2694 770 2770; x_wconf 86' lang='lat' dir='ltr'>inquit</span> <span class='ocrx_word' id='word_1_172' title='bbox 803 2693 958 2767; x_wconf 87' lang='lat' dir='ltr'>Antonius,</span> 
     </span>
     <span class='ocr_line' id='line_1_25' title="bbox 179 2790 959 2863; baseline -0.003 -13"><span class='ocrx_word' id='word_1_173' title='bbox 179 2803 267 2850; x_wconf 83' lang='lat' dir='ltr'>artem</span> <span class='ocrx_word' id='word_1_174' title='bbox 293 2805 355 2850; x_wconf 87' lang='lat' dir='ltr'>esse</span> <span class='ocrx_word' id='word_1_175' title='bbox 382 2809 440 2848; x_wconf 91' lang='lat' dir='ltr'>non</span> <span class='ocrx_word' id='word_1_176' title='bbox 467 2791 652 2861; x_wconf 63' lang='lat' dir='ltr'>maximam.</span> <span class='ocrx_word' id='word_1_177' title='bbox 672 2791 715 2848; x_wconf 89' lang='lat' dir='ltr'>sio</span> <span class='ocrx_word' id='word_1_178' title='bbox 742 2790 812 2848; x_wconf 82' lang='lat' dir='ltr'>ittud</span> <span class='ocrx_word' id='word_1_179' title='bbox 838 2791 959 2863; x_wconf 83' lang='lat' dir='ltr'>affirmo,</span> 
     </span>
     <span class='ocr_line' id='line_1_26' title="bbox 131 2886 960 2964; baseline -0.001 -21"><span class='ocrx_word' id='word_1_180' title='bbox 131 2893 164 2943; x_wconf 75' lang='lat'>25</span> <span class='ocrx_word' id='word_1_181' title='bbox 178 2898 320 2964; x_wconf 74' lang='lat' dir='ltr'>precepta</span> <span class='ocrx_word' id='word_1_182' title='bbox 338 2905 423 2964; x_wconf 85' lang='lat' dir='ltr'>posse</span> <span class='ocrx_word' id='word_1_183' title='bbox 443 2887 574 2962; x_wconf 80' lang='lat' dir='ltr'>quadam</span> <span class='ocrx_word' id='word_1_184' title='bbox 595 2886 657 2944; x_wconf 88' lang='lat' dir='ltr'>dari</span> <span class='ocrx_word' id='word_1_185' title='bbox 678 2897 816 2963; x_wconf 81' lang='lat' dir='ltr'>peracuta</span> <span class='ocrx_word' id='word_1_186' title='bbox 839 2887 875 2944; x_wconf 81' lang='lat' dir='ltr'>a&#39;d</span> <span class='ocrx_word' id='word_1_187' title='bbox 897 2903 960 2962; x_wconf 86' lang='lat' dir='ltr'>per·</span> 
     </span>
     <span class='ocr_line' id='line_1_27' title="bbox 178 2982 960 3058; baseline -0.003 -16"><span class='ocrx_word' id='word_1_188' title='bbox 178 2984 342 3043; x_wconf 75' lang='lat' dir='ltr'>tractandos</span> <span class='ocrx_word' id='word_1_189' title='bbox 362 2984 472 3043; x_wconf 84' lang='lat' dir='ltr'>auImos</span> <span class='ocrx_word' id='word_1_190' title='bbox 492 2982 649 3055; x_wconf 84' lang='lat' dir='ltr'>homiuum,</span> <span class='ocrx_word' id='word_1_191' title='bbox 669 2993 699 3041; x_wconf 89' lang='lat' dir='ltr'>et</span> <span class='ocrx_word' id='word_1_192' title='bbox 719 2983 754 3040; x_wconf 84' lang='lat' dir='ltr'>ad</span> <span class='ocrx_word' id='word_1_193' title='bbox 777 2982 960 3058; x_wconf 74' lang='lat' dir='ltr'>excipiendas</span> 
     </span>
     <span class='ocr_line' id='line_1_28' title="bbox 179 3077 959 3158; baseline 0.001 -21"><span class='ocrx_word' id='word_1_194' title='bbox 179 3093 278 3138; x_wconf 86' lang='lat' dir='ltr'>eorum</span> <span class='ocrx_word' id='word_1_195' title='bbox 299 3081 466 3141; x_wconf 80' lang='lat' dir='ltr'>voluntates.</span> <span class='ocrx_word' id='word_1_196' title='bbox 507 3079 604 3156; x_wconf 86' lang='lat' dir='ltr'>Hujus</span> <span class='ocrx_word' id='word_1_197' title='bbox 623 3079 665 3138; x_wconf 88' lang='lat' dir='ltr'>rei</span> <span class='ocrx_word' id='word_1_198' title='bbox 686 3079 836 3139; x_wconf 83' lang='lat' dir='ltr'>seientiam</span> <span class='ocrx_word' id='word_1_199' title='bbox 853 3078 881 3150; x_wconf 81' lang='lat' dir='ltr'>si</span> <span class='ocrx_word' id='word_1_200' title='bbox 893 3077 959 3158; x_wconf 84' lang='lat' dir='ltr'>quia</span> 
     </span>
    </p>
   </div>
   <div class='ocr_carea' id='block_1_5' title="bbox 0 0 1088 3567">
    <p class='ocr_par' dir='ltr' id='par_1_5' title="bbox 0 0 1088 3567">
     <span class='ocr_line' id='line_1_29' title="bbox 0 0 1088 3567; baseline 0 0"><span class='ocrx_word' id='word_1_201' title='bbox 0 0 1088 3567; x_wconf 95' lang='lat' dir='ltr'> </span> 
     </span>
    </p>
   </div>
  </div>
 </body>
</html>
