2167 3567
107 323 181 383 aaa]
391 324 434 373 na
458 323 622 373 oaeuoae.
903 318 943 379 tu

109 472 236 549 disputo,
250 483 283 532 ut
302 474 435 534 homines
456 475 662 548 adolescentes,
682 476 707 535 si
727 453 796 553 quid
816 486 898 535 natu·

14 614 15 621 ,
102 570 172 633 vtale
186 570 257 634 sorte
277 591 336 629 non
357 573 491 644 habeant,
504 574 624 631 omnino
637 593 654 631 a
667 574 783 632 dicendi
801 573 898 631 studio

102 666 280 725 deterream.
320 668 399 731 Quis
425 669 502 727 enim
532 688 592 727 noa
618 669 705 741 videt,
731 670 766 727 C.
794 670 896 742 Caelio,

107 762 214 837 aequali
228 782 303 835 meo,
319 783 424 841 magno
445 764 548 822 honori
569 764 666 836 fuisse,
683 765 793 823 homini
813 784 896 838 novo,

105 857 189 917 illam
214 858 314 935 ipsam,
336 876 545 936 quamcumque
573 861 685 937 assequi
710 863 846 937 potuerit,
866 862 928 934 ina

105 954 237 1016 dicendo
264 956 510 1015 mediocritatem?
555 956 633 1018 Quis
656 968 780 1015 vestrum
804 978 897 1034 aequa·

106 1050 177 1123 lem,
191 1052 232 1113 Q.
247 1052 378 1124 Varium,
393 1064 503 1111 vastum
520 1054 666 1111 hominem
680 1066 764 1127 atque
778 1054 896 1126 foedum,

108 1166 169 1206 non
190 1147 336 1225 intelligit,
357 1149 407 1207 illa
430 1150 492 1225 ipsa
519 1150 665 1222 facultate,
686 1168 897 1225 quamcumque

107 1243 207 1314 habet,
230 1264 364 1322 magnam
390 1264 454 1304 esse
481 1246 511 1303 in
539 1246 655 1305 civitate
681 1246 802 1323 gratiam
829 1258 915 1305 com·

107 1341 263 1397 secuturat
912 1352 944 1401 10

150 1531 265 1591 XXVI.
292 1530 351 1591 sed
374 1533 442 1609 quia
465 1533 501 1590 de
524 1544 638 1592 oratore
660 1534 822 1610 quaerimus,
845 1534 897 1593 fin·

107 1629 222 1706 gendus
236 1639 280 1686 est
293 1630 377 1688 nobis
390 1630 520 1687 oratione
534 1630 641 1701 nostri,
655 1630 792 1689 detractis
806 1630 897 1688 omni·

109 1725 165 1781 bus
183 1724 269 1797 vitiis,
290 1736 393 1796 orator,
415 1737 499 1800 atque
520 1726 598 1783 omni
618 1726 704 1783 laude
724 1727 896 1783 cumulatus.

108 1821 216 1897 Neque
242 1822 329 1894 enim,
357 1822 381 1880 si
408 1822 562 1879 multitudo
592 1822 696 1893 litium,
723 1822 748 1879 si
775 1823 897 1880 varietas

109 1936 273 1989 causarum,
289 1919 313 1975 si
334 1918 396 1977 haec
416 1920 500 1976 turba
513 1929 542 1976 et
556 1919 688 1977 barbaria
708 1919 829 1976 sorensis
847 1919 895 1978 dat
911 1928 943 1978 15

102 2013 271 2075 locumve!
299 2013 487 2073 vitiosissimis
513 2015 685 2085 oratoribus,
706 2016 816 2073 idcirco
841 2034 896 2078 noa

111 2110 178 2182 hoc,
193 2110 269 2186 quod
290 2110 453 2184 querimus,
474 2110 648 2169 omittemus.
688 2111 789 2185 Itaque
810 2111 895 2169 iniis

113 2206 230 2278 artibus,
245 2207 275 2267 in
295 2207 399 2282 quibus
418 2225 477 2263 aon
497 2207 605 2265 utilitas
618 2187 752 2282 quiritur
767 2224 897 2264 necessa-

110 2303 163 2371 ria.
185 2304 235 2362 sed
257 2303 343 2361 animi
363 2303 454 2361 libera
474 2304 602 2378 quaedam
624 2302 790 2372 oblectatio,
810 2319 896 2377 quam

101 2399 274 2476 ¹diligenter,
288 2408 316 2456 et
337 2418 420 2473 quam
440 2417 529 2474 prope
550 2398 697 2456 fastidiose
714 2397 894 2473 judicamusl
911 2404 943 2455 w

109 2495 206 2553 Nullae
227 2495 304 2553 enim
324 2495 390 2551 lites
409 2512 503 2569 neque
523 2494 724 2552 controversie
742 2503 818 2566 sunt,
832 2479 896 2571 quae

111 2602 217 2669 cogant
237 2590 378 2659 homines,
393 2590 469 2649 sicut
489 2590 518 2649 in
539 2590 602 2647 foro
622 2609 679 2648 non
699 2592 789 2649 bonos
803 2603 897 2650 orato·

110 2707 166 2760 res,
181 2688 249 2746 item
265 2688 295 2745 in
309 2688 421 2745 theatro
443 2698 555 2744 actores
574 2687 664 2743 malos
683 2688 802 2763 perpeti.
843 2688 896 2745 Est

110 2784 197 2862 igitur
225 2784 332 2841 oratori
357 2784 510 2859 diligenter
536 2782 752 2859 providendum,
773 2802 832 2841 non
853 2784 895 2841 uti

110 2880 167 2939 illis
187 2880 355 2951 satisfaciat,
377 2880 481 2955 quibus
507 2898 627 2937 neeesse
650 2891 709 2949 est;
737 2879 787 2936 aed
808 2891 840 2937 ut
860 2880 896 2938 iia
909 2884 942 2934 25

110 2976 287 3037 admirabilis
313 2995 375 3033 esse
402 2974 541 3048 videatur,
565 2976 667 3051 quibus
692 2967 782 3033 libere
808 2975 896 3034 liceat

106 3072 248 3153 judicare.
289 3072 346 3145 Ac,
360 3070 384 3129 si
404 3071 540 3154 queritis,
560 3072 654 3150 plane,
674 3071 742 3148 quid
762 3071 894 3146 sentiam,

344 3170 364 3227 5
