2167 3567
136 313 193 371 lle
455 319 498 368 on
521 317 683 365 onrruns.
873 318 962 380 [uu.

181 469 302 527 Crassus
321 485 380 524 non
399 478 458 526 tam
477 466 633 526 existimari
646 466 732 524 veliet
744 483 801 523 non
815 466 962 538 didicisse,

181 584 266 641 quern
288 564 336 622 ille
356 563 512 640 despicere,
533 574 563 620 et
581 573 742 620 nostrorum
765 564 912 620 hominum
932 563 963 620 in

181 661 261 720 omni
281 679 386 738 genere
406 660 585 736 prudentiam
601 660 712 717 Graecis
726 660 881 718 anteferre:
902 660 964 717 An·

182 757 279 816 tonius
300 767 394 814 autern
415 756 633 831 probabiliorem
652 756 711 812 hoe
733 755 838 830 populo
860 755 964 813 oratio·

150 863 249 913 onem
273 853 333 911 sore
357 853 493 911 censebat
519 871 609 923 sunm,
632 852 658 908 si
684 851 802 908 omnino
827 850 963 908 didicisse

182 969 327 1026 uunquam
339 960 503 1025 putaretur:
525 958 610 1023 etque
623 948 664 1006 its
676 967 708 1005 se
720 959 840 1023 uterque
855 947 964 1024 gravio·

183 1065 243 1103 rem
268 1045 339 1116 sore,
362 1045 387 1102 si
411 1044 480 1102 ulter
506 1054 701 1115 contemnere,
725 1043 795 1101 niter
819 1062 856 1101 ne
879 1043 964 1102 nosse

183 1141 298 1218 quidem
312 1142 429 1199 Grecos
442 1140 592 1198 videretur.
813 1203 818 1207 ,

222 1237 354 1300 Quorum
376 1236 527 1294 consilium
547 1236 630 1311 quale
649 1235 828 1306 fuerit‚nihil
846 1236 964 1294 ennead

138 1345 169 1396 10
185 1333 241 1392 ho'c
264 1347 384 1408 tempus.
437 1331 511 1389 Illud
539 1343 634 1390 eutem
656 1342 700 1389 eet
722 1332 806 1407 hujus
828 1332 964 1389 institutes

184 1429 347 1506 scriptionis
379 1446 412 1486 ac
444 1427 588 1503 temporis,
615 1427 759 1485 neminem
791 1427 964 1502 eloquentid,

185 1544 244 1583 non
270 1523 355 1581 modo
378 1524 440 1581 sine
461 1523 578 1580 dicendi
604 1522 744 1593 doctrici,
768 1523 819 1580 sed
839 1542 880 1580 ne
901 1524 965 1582 sine

179 1620 264 1680 ,omni
284 1618 399 1694 quidem
418 1618 568 1694 sepientid,
583 1618 684 1675 florere
704 1634 829 1693 unquam
848 1629 878 1676 et
897 1639 965 1696 prc-

185 1727 260 1776 stsre
274 1715 409 1792 potuisse.

141 1921 173 1971 15
225 1908 264 1967 11.
295 1908 410 1966 Etenim
431 1917 533 1966 cetere
553 1907 612 1966 fere
634 1918 708 1966 artes
726 1908 845 1985 seipse
864 1929 966 1986 perse

188 2014 302 2063 tuentur
322 2003 457 2081 singule:
485 2005 560 2062 bene
582 2004 679 2062 dicere
702 2015 806 2077 eutem,
827 2007 903 2080 quod
923 2017 968 2065 est

189 2101 312 2158 scienter
335 2111 364 2158 et
384 2101 475 2176 perite
497 2110 526 2156 et
549 2111 649 2158 ornate
672 2100 778 2172 dicere,
800 2121 858 2158 non
882 2103 968 2160 habet

188 2196 334 2254 definitam
349 2195 470 2272 aliquam
484 2195 639 2272 regionem,
651 2197 733 2272 cujus
745 2197 877 2254 terminis
888 2209 969 2274 septa

188 2303 327 2350 teneatur.
367 2291 483 2362 Omnia,
497 2308 682 2366 quecumque
702 2291 732 2348 in
753 2291 898 2350 hominnm
913 2294 969 2351 dis-

142 2407 173 2457 po
190 2387 380 2463 ceptatienern
401 2387 503 2444 cedere
522 2397 651 2461 possunt,
666 2387 739 2444 bene
752 2399 819 2445 sunt
831 2389 859 2446 ei
873 2389 969 2446 dicen-

190 2485 236 2554 da,
258 2483 306 2557 qui
327 2483 383 2540 hoc
403 2501 434 2538 se
452 2501 534 2557 posse
553 2482 710 2558 profitetur,
732 2494 780 2540 sut
799 2485 968 2560 eloquentie

190 2595 294 2636 nomen
309 2577 524 2651 relinquendum
539 2588 590 2636 est.
630 2577 732 2640 Quare
751 2580 882 2653 equidem
897 2592 926 2638 et
939 2581 969 2639 in

190 2674 287 2731 nostri
307 2673 431 2744 civitate,
452 2683 480 2729 ct
500 2674 529 2730 in
550 2673 755 2748 ipsdGrrecid,
775 2695 838 2750 quse
858 2695 969 2754 semper

152 2787 154 2796 ’
191 2769 252 2827 hec
272 2787 382 2826 summa
401 2767 490 2840 duxit,
505 2770 610 2826 multos
628 2780 658 2826 et
677 2770 801 2847 ingeniis
820 2783 850 2829 et
864 2774 970 2849 magne

143 2881 175 2930 εὖ
190 2865 274 2924 leude
288 2865 402 2922 dicendi
416 2865 477 2922 sine
490 2866 601 2923 summi
614 2883 709 2923 rernm
729 2868 858 2925 omnium
877 2869 970 2926 scien·

191 2962 232 3019 tie
252 2961 339 3020 fuisse
359 2961 463 3018 fateor:
490 2960 576 3018 talem
597 2980 664 3019 rero
689 2963 810 3020 existere
835 2963 970 3038 eloquen-

191 3059 271 3131 tiam,
292 3057 383 3134 quelis
406 3057 490 3116 suerit
514 3057 544 3114 in
568 3057 673 3125 Crasso
695 3069 724 3116 et
748 3059 886 3133 Antonio,
910 3078 969 3120 non
