2167 3567
101 281 171 341 nu]
383 281 426 327 nn
447 282 611 329 onsroun.
890 268 931 327 4⁵

101 448 157 487 ous
180 432 302 503 Staseas,
323 431 410 489 homo
429 431 512 489 nobis
531 449 601 489 sane
620 428 776 501 familiaris,
796 437 835 500 et,
853 437 886 485 ut

11 524 13 535 ”
103 525 180 583 iuter
199 527 328 585 homines
348 527 454 603 peritos
474 539 607 585 constare
619 526 711 599 rideo,
725 526 755 585 in
769 526 818 584 illo
833 542 886 584 suo

101 640 209 697 genere
222 624 352 681 omniurn
365 624 507 701 princeps.

137 814 258 873 XXIII.
285 814 383 877 Quem
404 825 445 885 tu,
463 814 565 889 inquit,
580 814 660 885 mihi,
675 813 801 887 Mucius,
821 815 885 872 Sta-

99 929 190 981 seam,
213 929 297 985 quem
324 910 541 987 peripateticum
569 912 687 967 narras?
734 910 914 969 Gerendoso

99 1018 143 1063 est
171 1006 226 1063 tibi
254 1026 315 1063 mos
343 1007 579 1079 adolesoentibus‚
601 1007 722 1065 Crasse:
749 1006 797 1081 qui
824 1024 882 1063 non

97 1102 198 1165 Graeoi
227 1102 347 1178 alicujus
374 1102 567 1177 quotidianam
593 1102 795 1177 loquacitatem
821 1101 884 1159 sine

99 1216 166 1268 usu,
180 1210 275 1273 neque
289 1217 325 1257 ex
340 1199 448 1256 soholis
468 1199 640 1256 oautilenam
661 1196 819 1272 requirunt,
832 1198 884 1255 sed

99 1312 135 1350 ex
150 1294 269 1351 homine
283 1294 410 1352 omnium
430 1293 639 1371 sapientissimo
654 1305 738 1369 utque
751 1292 885 1369 eloquen-

100 1389 224 1461 tissimo,
240 1400 324 1465 atque
344 1409 379 1447 ex
398 1390 509 1474 eo,'qui
528 1408 588 1448 non
608 1390 638 1449 iu
659 1389 771 1458 libellis,
786 1389 882 1449 sedin
898 1398 930 1448 1⁰

101 1485 234 1542 maximis
256 1486 359 1557 oausiS,
380 1496 409 1543 et
429 1486 457 1543 iu
479 1485 535 1543 hoe
555 1486 703 1543 domicilio
724 1485 834 1562 imperii
854 1495 885 1543 et

89 1580 212 1665 gloriae,
236 1582 276 1638 sis
299 1582 421 1639 consilio
447 1582 603 1657 linguaque
629 1582 771 1657 princeps,
801 1582 884 1658 eujus

101 1676 224 1753 vestigia
236 1678 368 1755 persequi
382 1676 511 1753 eupiunt,
525 1677 587 1754 ejus
602 1678 771 1737 sententium
785 1678 885 1737 soisoi·

100 1784 208 1831 tantur.
261 1773 404 1848 Equidem
424 1783 453 1831 te
474 1792 540 1833 oum
566 1773 596 1831 in
622 1774 746 1832 dicendo
772 1792 884 1852 semper

100 1869 199 1945 putavi
218 1869 322 1941 Deum,
337 1879 397 1927 tum
411 1888 477 1929 roro
490 1869 543 1927 tibi
557 1888 701 1945 uunquam
714 1868 884 1945 eloquentie
898 1881 930 1929 15

101 1966 239 2041 majorem
257 1964 344 2023 tribui
364 1964 487 2036 laudem,
502 1984 587 2040 quom
607 1965 807 2024 humanitatis:
827 1967 884 2042 qul

102 2079 183 2117 nuno
203 2070 231 2117 te
252 2060 293 2117 uti
314 2060 357 2117 rel
378 2060 500 2117 maxime
521 2060 614 2131 decet,
635 2079 728 2135 neque
748 2060 885 2136 defugere

102 2175 166 2213 enm
188 2156 419 2230 disputationem,
435 2156 470 2212 ad
488 2175 573 2231 quam
592 2166 620 2213 te
641 2155 698 2212 duo
718 2156 884 2213 excellentis

103 2252 214 2329 ingenii
229 2252 423 2311 adnleseentes
438 2252 558 2327 eupiunt
572 2250 718 2310 secedere.

142 2348 207 2425 Ego
226 2366 303 2419 vero,
317 2347 418 2423 iuquit,
439 2347 500 2405 istis
520 2347 639 2422 obsequi
659 2345 770 2416 studeo,
792 2364 884 2421 neque
897 2357 930 2407 w

100 2445 242 2521 gravabor
262 2443 383 2501 breviter
403 2462 468 2501 meo
487 2462 578 2515 more,
592 2442 658 2518 quid
678 2442 790 2518 quisque
804 2443 839 2499 de
853 2462 884 2500 re

100 2540 236 2610 seutiam,
258 2540 363 2596 dicere.
417 2539 464 2597 Ao
490 2538 612 2616 primum
639 2538 709 2596 illud
736 2537 884 2615 (quoniam

104 2635 303 2692 auctoritatem
323 2622 401 2693 tuam
421 2634 577 2711 negligere,
598 2634 734 2705 Somolo,
752 2635 794 2692 las
814 2633 884 2691 mihi

101 2749 166 2787 esse
193 2748 252 2787 nou
277 2732 361 2809 puto)
395 2730 563 2807 respondeo,
590 2730 660 2787 mihi
693 2730 809 2787 dicendi
836 2739 885 2787 sut

102 2826 211 2883 nullam
234 2835 322 2882 artem
343 2836 391 2883 eut
410 2836 577 2901 pertenuem
593 2825 693 2898 rideri,
706 2826 757 2883 sed
768 2843 883 2883 ornnem
897 2837 930 2887 ω

101 2939 166 2979 esse
181 2921 394 2979 eontentionem
413 2920 485 2979 inter
506 2905 637 2979 homines
650 2923 749 2980 doetos
762 2921 792 2977 in
806 2921 885 2979 verbi

101 3016 299 3076 controversid
319 3016 450 3093 positam.
490 3015 520 3073 N
523 3036 568 3075 am
587 3018 613 3077 si
629 3037 674 3077 ors
687 3018 728 3075 itu
740 3015 884 3090 delinitur,
