2167 3567
109 309 185 368 nm
396 309 440 358 nn
462 310 625 358 omronn
903 298 943 360 86

9 481 10 484 ¹
109 455 212 532 eipem
237 454 327 528 iilum,
346 466 376 514 et
395 456 443 516 Ti.
470 458 636 516 Grsenhum
661 467 780 533 putrem,
799 466 830 515 et
854 456 895 520 Q.

111 550 276 625 Metellum,
296 562 326 610 et
350 553 382 610 P.
405 554 585 626 Africanum,
605 564 635 611 et
661 554 695 611 C.
718 553 847 626 Laeiium,
867 563 897 612 et

111 648 338 708 innumerabiles
358 649 437 721 elios,
451 668 517 708 eum
531 669 567 708 ex
579 651 678 708 nostri
697 651 821 721 civitate,
835 661 897 708 tum

110 762 152 802 ex
177 744 290 804 esteris.
344 745 396 802 Sin
430 755 523 806 nutem
556 756 737 820 qunreretur‚
767 747 897 820 quisnam

106 838 334 915 jurisconsultus
356 858 422 903 vere
441 841 652 912 nominaretur3
673 860 740 900 eum
759 841 895 914 dientem,
911 848 929 898 5

112 935 165 1010 qui
184 935 291 1012 legum,
305 945 335 993 et
354 936 571 994 consuetudinis
590 937 652 1013 ejus
671 938 728 1012 qui
746 938 849 1013 privati
866 937 897 995 in

112 1030 232 1088 eivitute
255 1042 412 1103 uterentur,
435 1042 464 1089 et
487 1033 522 1090 ed
546 1033 785 1108 respondendum,
808 1043 838 1091 et
861 1033 898 1092 ed

111 1126 310 1196 scribendum,
330 1137 359 1184 et
380 1127 604 1200 adserendum,
625 1129 733 1203 peritus
753 1138 829 1186 esset
836 1148 844 1198 ;
867 1139 898 1186 et

111 1241 152 1280 ex
179 1240 214 1280 eo
241 1241 346 1299 genere
373 1223 439 1282 Sex.
463 1223 585 1295 AElium,
611 1222 652 1281 Μ’
679 1223 843 1296 Manilium,
863 1224 896 1282 P.

9 1357 10 1360 =
112 1317 250 1378 Munium
263 1318 448 1380 nominarem.
914 1328 945 1377 10

155 1509 267 1568 XLIX.
289 1510 395 1586 Atque,
407 1521 438 1569 ut
449 1511 507 1588 jam
519 1513 555 1570 sd
567 1512 674 1571 leviora
687 1513 789 1575 artium
803 1512 899 1570 studit

114 1605 240 1678 veniam,
264 1606 289 1666 si
315 1607 452 1679 musicus,
475 1608 499 1666 si
525 1609 737 1686 grammaticus,
761 1609 786 1667 si
811 1613 899 1684 poete

115 1712 269 1778 queratur,
282 1702 388 1778 possim
402 1703 531 1762 similiter
550 1703 703 1779 explicare,
717 1705 786 1779 quid
799 1722 898 1762 eornm

117 1798 238 1874 quisque
257 1798 431 1874 profiteatur,
452 1808 480 1855 et
494 1817 551 1873 quo
570 1817 628 1856 non
650 1799 770 1876 amplius
783 1800 819 1858 ab
831 1818 900 1875 qun·

117 1911 174 1969 que
187 1892 224 1951 sit
237 1894 446 1968 postulandum.
487 1893 651 1970 Philosophi
664 1894 787 1970 denique
800 1894 898 1972 ipsius,
914 1902 945 1951 15

118 1989 168 2065 qui
192 1989 228 2046 de
252 1990 304 2046 sui
326 1989 353 2046 vi
378 2008 412 2046 ae
434 1989 576 2066 sapientii
598 2009 673 2048 unus
699 1991 795 2048 omnia
818 2011 899 2066 paene

117 2085 275 2161 profitetur,
294 2094 337 2142 est
357 2095 452 2143 tumen
473 2086 601 2160 quaednm
624 2085 789 2160 descriptio,
811 2096 842 2144 ut
863 2087 897 2158 is,

117 2181 168 2256 qui
193 2181 306 2239 studeat
334 2180 462 2238 omnium
494 2199 589 2239 rerum
623 2180 781 2240 divinarum
814 2191 899 2256 etque
953 2249 958 2256 ¹

118 2276 306 2336 humanarum
328 2277 395 2348 rim,
416 2286 554 2346 naturam,
575 2294 731 2350 causasque
754 2275 849 2348 nisse,
869 2287 899 2336 et

117 2391 234 2432 omnem
245 2373 318 2430 bene
328 2372 440 2432 vivendi
452 2371 590 2430 rationem
603 2382 701 2430 tenere
714 2382 742 2430 et
756 2373 897 2448 persequi,
914 2380 946 2430 2⁰

117 2468 235 2528 nomine
255 2469 311 2528 hoe
331 2468 494 2544 appelletur.
535 2467 686 2525 Oratorem
708 2478 811 2542 nutem,
831 2489 899 2544 qun-

117 2565 197 2624 nium
218 2559 254 2622 de
273 2581 309 2622 eo
328 2563 489 2638 querimus,
506 2563 638 2637 equidem
658 2583 715 2624 nen
736 2564 811 2624 senio
830 2584 899 2624 eun·

117 2661 196 2732 dem,
210 2679 294 2736 quem
315 2659 450 2728 Crassum
471 2659 519 2734 qui
540 2659 610 2716 mihi
625 2659 702 2718 visus
721 2671 765 2718 est
784 2680 898 2720 omnem

118 2755 249 2814 omnium
268 2773 363 2812 rerum
384 2765 467 2830 atque
488 2755 590 2812 artium
610 2755 760 2816 seientiam
774 2775 900 2832 eompre-

118 2853 245 2910 hendere
265 2869 323 2910 uno
343 2851 463 2910 oratoris
486 2852 581 2910 offieio
602 2871 637 2910 ae
656 2853 788 2910 nomine:
816 2863 899 2928 etque
914 2866 946 2931 ιε

118 2967 187 3010 eum
209 2958 280 3024 puto
302 2965 375 3019 esse,
389 2947 438 3024 qui
452 2947 546 3006 verbis
559 2949 594 3006 ed
609 2947 781 3008 audiendum
796 2947 899 3024 jueun·

118 3045 175 3120 dis,
193 3055 223 3105 et
244 3043 394 3114 sententiis
418 3043 452 3103 ud
476 3044 653 3122 probandum
677 3045 900 3107 autumnoque
