2167 3567
91 296 126 354 ἰ.
138 308 175 368 1.]
394 310 437 357 nn
460 309 623 366 onsrons.
904 296 941 355 51

96 456 133 515 in
165 456 277 516 Crasse
304 458 405 536 pudor,
432 457 480 534 qui
508 470 606 516 tamen
634 476 693 515 non
726 459 813 516 modo
839 476 897 516 uon

98 554 227 612 obesset
246 556 309 631 ejus
330 556 462 627 orationi,
477 556 527 612 sed
548 556 633 613 etiam
654 556 802 631 probitatis
822 574 899 613 com-

97 650 298 711 mendatione
311 652 465 727 prodesset.

110 904 115 919 ,
139 842 283 901 XXVII.
310 844 388 902 Tum
410 845 567 913 Antonius,
588 846 680 921 Saepe,
700 856 732 903 ut
752 845 835 916 dicis,
856 846 898 903 in·

97 939 180 1015 quit,
200 941 398 1010 animadverti,
413 942 526 1011 Crasse,
541 952 570 998 et
590 952 629 1011 te,
643 954 672 998 et
692 953 803 999 ceteros
823 947 927 1000 sum-5

97 1054 169 1093 mos
186 1048 325 1107 oratores,
340 1056 500 1111 quanquam
521 1038 573 1095 tibi
591 1058 652 1113 par,
667 1040 731 1095 mei
745 1039 897 1110 seutentii,

97 1150 196 1192 nemo
213 1122 336 1208 nuquam
351 1133 414 1205 suit,
426 1134 455 1192 in
470 1134 586 1192 dicendi
600 1135 717 1216 exqrdio
730 1136 896 1211 permoveri.

98 1228 204 1305 Cujus
217 1225 333 1305 quidem
352 1230 393 1288 rei
414 1250 481 1289 cum
501 1250 618 1288 causam
638 1250 804 1307 quaererem,
818 1232 898 1306 quid·

99 1343 176 1385 nam
199 1336 285 1397 esset,
300 1346 361 1397 cur,
380 1337 410 1385 ut
430 1328 459 1385 iu
480 1347 592 1404 quoque
612 1340 725 1386 oratore
743 1328 896 1403 plurimum

18 1484 19 1493 χ
103 1433 197 1494 esset,
220 1422 260 1479 ita
286 1423 409 1481 maxime
430 1424 454 1482 is
473 1424 697 1501 pertimesceret,
717 1424 769 1483 has
795 1444 897 1483 causas
912 1430 943 1479 m

103 1516 295 1577 inveniebam
316 1520 403 1578 durs:
431 1540 528 1591 unam,
550 1520 625 1595 quod
652 1521 844 1599 intelligerent
865 1521 895 1595 ii,

103 1632 180 1689 quos
217 1634 285 1672 usus
313 1634 347 1674 ac
374 1626 476 1674 natura
507 1616 664 1689 docuisset,
691 1636 895 1692 nonnunquam

103 1710 232 1767 summis
251 1712 412 1777 oratoribus
432 1731 490 1770 nou
511 1713 581 1771 satis
600 1732 635 1770 ex
656 1714 797 1773 sententie
813 1733 897 1771 even·

103 1814 180 1864 tum.
192 1806 310 1883 tliceudi
323 1809 497 1884 procedere:
519 1809 559 1866 ita
572 1828 631 1867 non
646 1809 760 1885 injurii,
774 1811 897 1886 quoties·

104 1920 237 1979 cumque
270 1904 409 1976 dicerent,
438 1906 476 1977 id,
506 1906 582 1979 quod
617 1907 769 1981 aliquando
799 1920 895 1983 posset
911 1910 942 1959 15

107 2000 257 2072 accidere,
271 2020 308 2057 ne
329 2012 387 2058 tum
411 2002 565 2073 accideret,
583 2002 692 2060 timere.
734 2004 834 2061 Altera
853 2015 896 2061 est

107 2093 187 2167 hcc,
202 2095 237 2153 de
252 2097 307 2171 quit
321 2096 401 2172 queri
420 2116 494 2172 saepe
515 2097 610 2167 solem
632 2109 791 2156 ceterarum
807 2099 896 2156 homi·

108 2208 163 2249 nes
180 2192 281 2250 artium
302 2194 421 2268 spectati
436 2204 465 2250 et
477 2194 598 2269 probati,
612 2194 636 2251 si
653 2195 768 2269 quando
788 2195 895 2269 aliquid

109 2288 209 2345 minus
230 2289 303 2345 bene
323 2289 462 2361 fecerunt,
476 2309 560 2365 quam
578 2291 681 2361 solent,
696 2302 745 2347 aut
758 2291 892 2363 uoluisse,

111 2394 160 2441 aut
184 2384 344 2441 valetudine
366 2385 494 2461 impediti
514 2404 573 2442 non
599 2385 727 2460 potuisse
747 2386 894 2461 consequi,
909 2391 941 2441 2⁰

106 2478 139 2535 id
177 2480 253 2555 quod
287 2481 403 2552 scireut,
437 2491 590 2557 putantur:
624 2482 725 2554 noluit,
753 2482 895 2558 inquiunt,

111 2573 200 2650 hodie
215 2595 299 2653 agere
313 2576 453 2647 Rosciur;
477 2589 534 2648 aut,
550 2578 665 2636 crudior
684 2579 753 2637 suit:
775 2581 896 2639 oratoris

106 2682 276 2746 peccatum,
296 2672 320 2730 si
341 2674 416 2748 quod
440 2684 482 2731 est
511 2674 749 2747 animadversum,
769 2678 896 2736 stultitioe

18 2756 19 2759 ¹
109 2777 263 2843 ,peccatum
289 2769 409 2829 videtur.
464 2770 593 2829 Stultitia
619 2782 713 2829 eutem
739 2774 902 2831 excusatio--

110 2882 178 2922 nem
199 2884 257 2923 nou
285 2865 387 2936 habet;
414 2867 481 2942 quia
507 2885 593 2924 nemo
613 2868 733 2940 ridetur,
755 2879 804 2927 sut
829 2869 941 2943 quia&

108 2961 220 3019 crudus
246 2962 341 3041 luerit,
370 2972 417 3020 aut
444 2962 519 3037 quud
553 2963 593 3021 ita
625 2965 767 3035 maluerit,
793 2964 897 3025 stultus

111 3056 210 3119 luisse.
249 3056 321 3131 Quo
335 3058 421 3118 etiarn
440 3060 555 3139 gravius
572 3061 713 3139 judicium
727 3060 758 3119 in
771 3060 896 3121 dicendo
