2167 3567
136 291 192 352 tot
453 301 497 348 nn
518 291 683 387 onnnonnss
883 295 980 360 rum·

178 458 271 521 antur,
296 468 359 524 que
382 450 500 509 veniant
522 451 553 508 in
574 448 716 527 judieium
739 458 812 520 tum,
835 465 903 506 oum
928 447 970 505 de

178 546 254 604 laeto
274 556 433 620 queratur:
454 546 504 604 red
525 557 621 604 tamen
642 547 796 604 eriminum
812 554 857 602 eat
869 544 969 603 multi·

177 642 257 714 tudo,
272 660 330 700 non
345 643 545 700 defensionum
559 652 609 701 ont
620 643 762 713 loeorum,
777 641 898 700 infinita.

216 832 347 891 XXXII.
377 833 455 896 Quo
475 852 552 905 vero,
573 851 640 892 oum
660 833 697 890 de
716 833 795 892 laeto
819 850 880 889 non
908 850 967 890 om·

147 929 293 1006 abigitur,
314 941 488 1005 quaeruntur,
509 930 604 1006 qualin
631 930 704 1000 rint;
731 947 776 1000 ea,
797 928 821 986 ei
845 947 882 986 ex
907 928 966 986 reio

177 1045 319 1097 numeres,
341 1036 370 1084 et
389 1025 610 1084 innumerabilia
632 1036 708 1097 eunt,
728 1035 759 1087 et
777 1026 918 1095 obeourn;
940 1024 966 1082 si

177 1139 212 1180 ex
232 1122 327 1194 rebus,
348 1122 430 1180 valde
451 1132 479 1179 et
497 1122 620 1193 modion,
634 1131 664 1178 et
677 1121 806 1179 illustria.
847 1121 926 1178 Nam
940 1119 966 1178 si

176 1215 307 1275 Manoini
329 1236 444 1275 oausam
466 1217 495 1274 in
515 1236 574 1275 uno
587 1216 726 1276 Mancino
738 1216 882 1292 ponimus,
896 1210 968 1291 quo-

177 1313 354 1389 tiescumque
375 1313 409 1385 is,
423 1331 508 1388 quern
521 1323 741 1389 pater-patratus
754 1311 907 1384 dediderit,
922 1330 967 1370 re·

134 1417 164 1466 10
178 1420 277 1485 oeptur
292 1429 349 1468 non
364 1410 427 1480 erit,
441 1410 525 1467 toties
539 1427 627 1467 oauoa
640 1428 714 1466 nova
725 1419 869 1466 naooetun
911 1409 966 1466 Sin

178 1506 207 1563 in
228 1506 277 1564 illt
298 1505 493 1564 controversie
513 1525 630 1564 oausam
651 1505 731 1577 saoit,
744 1505 912 1563 videaturne
925 1505 965 1577 ei,

178 1620 261 1678 quem
285 1612 505 1677 pater-patratus
524 1601 676 1672 dediderit,
696 1600 722 1658 si
742 1601 766 1658 ia
786 1619 845 1658 non
865 1601 902 1659 eit
922 1619 967 1660 re·

179 1706 288 1773 oeptus,
302 1696 507 1772 postliminium
522 1715 601 1766 esse3
622 1696 695 1754 nihil
710 1697 745 1753 ad
761 1706 849 1754 artem
867 1697 967 1756 dieen-

179 1793 218 1864 di,
239 1812 294 1850 neo
315 1792 349 1850 ad
371 1805 538 1869 argumenta
557 1792 742 1865 defensionis,
763 1793 895 1852 Mancini
914 1811 967 1850 no,

133 1896 165 1947 15
179 1907 244 1946 men
258 1889 389 1964 pertinet.
430 1890 486 1960 Ao,
501 1889 524 1946 si
540 1889 608 1964 quid
623 1889 704 1947 affert
716 1900 856 1965 preterea
875 1890 967 1948 bomi-

178 1986 224 2044 nis
238 1995 286 2042 aut
300 1985 424 2062 dignitas
438 1996 486 2044 aut
500 1985 667 2062 indignitas,
680 1998 759 2044 extra
778 1987 966 2060 questionem

178 2091 231 2153 eat,
246 2095 275 2138 et
288 2100 323 2140 ea
340 2093 436 2138 tamen
458 2081 518 2157 ipsa
537 2082 629 2140 oratio
649 2081 685 2140 ad
706 2081 831 2140 universi
851 2083 966 2159 generis

179 2178 399 2253 disputationem
419 2178 557 2235 reseratur
576 2195 696 2236 neeesse
716 2187 767 2235 eet
816 2174 891 2235 Hine
909 2197 967 2256 ego

179 2293 238 2333 non
265 2292 300 2334 eo
327 2275 450 2332 oonsilio
475 2275 598 2351 disputo,
622 2283 655 2335 ut
681 2274 812 2332 lrominee
838 2274 967 2332 eruditor

132 2384 164 2434 20
179 2374 364 2450 redarguam
385 2391 547 2448 quanquam
568 2371 795 2448 reprehendendi
814 2382 890 2444 runt,
905 2373 965 2447 qni,

179 2469 209 2528 iu
229 2487 335 2546 genere
355 2469 528 2539 deliniendo,
544 2468 613 2525 istae
633 2487 734 2525 onusas
754 2467 921 2525 describunt
935 2469 966 2526 in

178 2564 309 2642 personis
335 2575 364 2622 et
389 2565 420 2622 in
447 2564 623 2640 temporibus
644 2563 752 2640 positae
774 2581 846 2622 enee.
887 2564 967 2622 Nom

179 2662 233 2718 etsi
248 2661 399 2718 incurrunt
411 2669 541 2735 tempore
554 2669 584 2717 et
596 2679 735 2736 personae,
749 2671 846 2718 tamen
862 2660 968 2718 intelli·

179 2758 304 2835 gendum
325 2767 378 2827 est,
392 2775 450 2812 non
472 2773 507 2812 ex
527 2756 573 2827 iio,
587 2757 638 2814 aed
658 2774 693 2814 ex
707 2775 814 2834 genere
834 2756 968 2832 questio·

131 2867 165 2918 ιιι
180 2857 235 2924 nis,
262 2854 387 2929 pendere
413 2870 523 2910 causas.-
578 2852 637 2909 Sed
664 2853 721 2911 hoo
747 2852 818 2911 nilril
846 2852 883 2910 ad
908 2869 965 2910 me.

179 2949 301 3006 Nullum
327 2949 403 3006 enim
431 2947 513 3006 nobie
539 2957 685 3006 certamen
711 2967 779 3006 enm
808 2947 870 3005 irtio
902 2965 967 3004 euro

180 3045 266 3102 debet
285 3053 412 3103 tanturn:
433 3043 503 3103 satis
522 3052 567 3102 est
584 3043 715 3121 intelligi,
729 3061 767 3102 ne
779 3043 836 3102 hoo
849 3042 966 3118 quidem
