2167 3567
149 274 206 332 154
468 281 511 330 nn
535 282 698 332 amnone.
898 282 985 344 [nn.

193 432 274 508 quid,
299 433 462 512 ambigitur,
486 435 582 494 existit
605 435 692 494 etiarn
714 433 874 510 exscripti
896 433 985 493 inter·
1077 498 1081 509 Ι

193 529 355 604 pretatione
379 549 454 606 saepe
478 531 635 602 contentio,
658 531 765 605 inquo
786 530 866 588 nulla
888 538 985 606 potest

194 643 267 695 esse,
282 626 336 682 nisi
357 645 394 683 ex
415 627 559 704 ambiguo,
574 627 774 686 oontroversia.
814 626 892 684 Nam
911 625 985 684 illud

194 720 298 796 ipsum,
330 741 398 780 oum
431 723 569 798 seriptum
603 742 620 781 a
651 723 794 780 sententia
827 722 984 798 discrepat,
1082 775 1083 780 ,

162 827 287 894 ὅςεηιιε
309 820 451 896 quoddam
474 820 560 878 habet
584 819 727 896 ambigui;
755 819 832 893 quod
853 828 915 876 tum
935 837 985 875 ex-

194 915 327 990 plioatur,
350 935 416 974 eum
444 935 479 974 ea
505 917 601 988 verba,
623 935 687 990 quae
714 917 827 988 desunt,
848 925 985 992 suggesta

195 1022 279 1082 sunt;
314 1013 418 1088 quibus
452 1013 565 1083 additis,
602 1013 773 1086 defenditur,
810 1011 984 1070 sententiam

193 1109 296 1184 scripti
317 1110 496 1186 perspinuam
517 1109 620 1179 fuisse;
641 1119 670 1167 et
683 1128 719 1172 ea
732 1109 881 1167 contrariis
894 1109 985 1184 serip-

195 1206 234 1262 tis
248 1205 271 1262 si
286 1206 353 1279 quid
371 1205 533 1282 ambigitur,
549 1224 607 1263 non
622 1224 725 1262 novum
739 1224 830 1282 genus
843 1205 984 1276 nascitur,

151 1311 182 1360 to
197 1301 248 1358 sed
269 1302 423 1377 superioris
437 1302 557 1378 generis
577 1321 665 1359 eausa
690 1302 868 1378 duplicatur:
896 1301 984 1376 idque

198 1408 246 1456 aut
267 1417 412 1473 nunquam
434 1397 585 1474 dijudicari
605 1398 716 1474 poterit,
738 1408 786 1455 aut
814 1398 854 1457 ita
879 1397 985 1474 dijudi-

198 1495 319 1565 cabitur,
335 1503 375 1564 ut,
391 1494 547 1552 referendis
566 1495 717 1570 praeteritis
735 1494 837 1565 verbis,
852 1494 881 1551 id
896 1495 985 1570 serip-

197 1601 269 1661 tum,
288 1591 490 1666 quodcumque
509 1586 703 1661 defendimus,
724 1591 896 1667 suppleatur.
937 1591 985 1649 Ita

197 1686 239 1757 fit,
264 1696 295 1743 ut
319 1705 409 1743 unum
431 1705 521 1762 genus
545 1687 575 1744 in
599 1687 635 1743 iis
659 1687 763 1758 nausis,
782 1707 847 1763 quae
867 1697 984 1763 propter

150 1794 184 1844 15
199 1782 337 1858 scriptum
350 1782 541 1860 ambiguntur,
554 1783 740 1857 relinquatur,
751 1783 775 1841 si
789 1794 832 1840 est
846 1784 984 1860 seriptum

199 1878 306 1954 aliquid
322 1879 463 1956 ambigue.
504 1879 714 1955 Ambiguorum
729 1890 822 1938 autern
837 1880 985 1956 complura

198 1993 306 2052 genera
325 1986 407 2046 sunt,
430 1993 492 2050 qua
508 1974 579 2031 mihi
593 1974 724 2032 videntur
738 1976 757 2032 ii
772 1975 874 2032 melius
887 1974 983 2048 ndsse,

197 2071 247 2147 qui
268 2070 412 2128 dialeatioi
434 2071 619 2146 appellantur,
634 2069 663 2128 hi
679 2081 773 2128 autem
793 2071 883 2128 nostri
904 2071 985 2146 igno-

198 2187 272 2238 rare,
288 2167 336 2242 qui
359 2185 416 2224 non
439 2167 533 2223 minus
555 2166 640 2224 ndsse
662 2167 802 2224 debeant:
830 2177 890 2223 tum
913 2166 984 2223 illud

150 2279 184 2330 πο
200 2275 243 2322 est
268 2264 527 2338 frequentissimum
553 2263 582 2320 in
606 2263 685 2322 omni
709 2263 916 2320 consuetudine
939 2263 983 2319 vel

200 2361 340 2418 sermonis
353 2361 396 2417 vel
411 2359 518 2434 scripti,
534 2378 601 2416 oum
622 2359 731 2417 ideireo
746 2359 852 2433 aliquid
867 2359 985 2436 ambigi·

200 2469 255 2528 tur,
268 2457 342 2531 quod
358 2467 405 2512 aut
420 2457 546 2526 verbnm,
559 2466 608 2513 aut
617 2456 705 2513 rerba
716 2456 773 2513 sint
786 2455 983 2531 praetermissa.

201 2553 309 2611 Iterum
331 2563 424 2610 autem
445 2563 578 2628 pescant,
600 2571 665 2609 oum
686 2571 776 2629 genus
803 2553 859 2610 hoe
886 2571 985 2610 oausa-

200 2669 273 2720 rum,
288 2649 364 2723 quod
382 2649 411 2705 in
426 2649 524 2724 scripti
546 2649 778 2724 interpretatione
797 2659 933 2720 versatur,
949 2649 984 2706 ab

152 2765 185 2815 25
202 2746 257 2804 illis
284 2745 388 2818 causis,
413 2745 445 2802 in·
469 2746 582 2820 quibus,
607 2735 698 2820 qualis
724 2764 842 2820 quaque
868 2764 914 2803 res
936 2745 983 2817 sit,

202 2843 386 2918 disceptatur,
423 2841 594 2918 sejungunt:
634 2859 775 2915 nusquam
812 2841 889 2898 enirn
925 2851 983 2898 tarn

200 2939 345 3014 quaeritur,
370 2937 453 3012 quale
480 2937 516 2994 sit
542 2955 634 3014 genus
657 2937 749 3013 ipsum
772 2937 824 3008 rei,
848 2955 932 3012 quam
954 2936 984 2994 in

198 3035 318 3110 scripto,
334 3034 409 3110 quod
429 3043 521 3092 totum
543 3051 560 3092 a
579 3032 647 3092 sacti
668 3033 860 3092 oontrorersia
874 3050 985 3108 separa·
