2167 3567
151 289 207 370 Ibo
474 327 518 376 nn
540 327 702 377 omronn
902 326 972 388 [nt

197 469 266 528 alias
277 471 446 546 aquitanam,
458 475 610 534 defendere
620 477 767 535 docentur.
807 473 846 534 Et
857 473 972 555 (credo)

197 564 225 621 in
254 565 302 623 iltt
328 564 424 626 militia
451 571 549 643 causi,
582 572 607 629 si
632 583 663 630 tu
690 583 738 630 aut
765 572 897 630 heredem
924 581 974 630 aut

196 661 314 720 militem
335 665 519 738 defendissem
539 667 574 725 ad
595 669 769 726 Hostilianas
788 679 816 726 tc
837 669 972 741 actiones,

197 775 254 814 non
276 759 310 816 ad
331 771 408 818 tuam
424 763 479 820 vim
499 774 528 821 st
548 764 699 822 oratoriam
720 764 893 836 facultatem,
907 783 973 823 con·

165 854 317 914 ttulisses.
371 857 420 915 Tu
447 877 523 930 vcro,
545 860 587 917 vel
607 861 632 917 si
652 871 851 918 testamcutum
877 861 975 917 dcfcn·

197 951 288 1021 deres,
303 953 345 1009 sic
367 973 473 1028 ageres,
493 966 524 1012 ut
544 975 628 1012 omne
649 956 775 1012 omnium
795 965 975 1013 testamento·

198 1065 259 1104 rurn
278 1049 324 1123 jus
345 1049 372 1105 iu
393 1069 428 1107 co
444 1051 555 1125 judicio
574 1051 697 1126 positum
713 1051 871 1120 vidcrstur3
890 1049 933 1106 vel
948 1050 974 1106 si

197 1161 311 1200 causum
341 1163 439 1220 ageres
464 1145 572 1216 militis,
596 1156 704 1221 patrem
730 1146 791 1222 ejus
815 1145 860 1222 (ut
884 1145 973 1224 soles)

197 1238 320 1296 dicendo
347 1260 363 1298 a
389 1242 507 1298 mortuis
532 1242 703 1311 cxcitdsscs3
735 1241 882 1299 statuisses
908 1250 976 1298 ants

152 1352 182 1400 10
198 1335 313 1392 oculos:
345 1337 510 1411 complexus
536 1348 612 1394 casst
636 1337 735 1409 filium,
759 1337 885 1412 flensque
907 1355 975 1394 cum

198 1431 381 1488 centumviris
401 1433 644 1490 commenddssct:
665 1433 782 1508 lapides,
800 1433 974 1505 mehercule,

198 1545 297 1583 ornnes
323 1527 390 1586 flare
417 1545 452 1584 ao
478 1527 626 1585 lamentari
653 1529 805 1605 codgisact,
828 1540 860 1587 ut
882 1540 973 1587 totum

198 1622 278 1693 illud,
303 1622 373 1679 “uti
399 1621 498 1699 lingui
525 1625 747 1698 nuncupdssct,”
773 1644 833 1683 non
852 1626 884 1684 in
904 1625 973 1685 XII.

198 1717 311 1789 tabulis,
325 1736 395 1792 quas
415 1728 445 1776 tu
465 1719 598 1776 omuibus
617 1720 799 1779 bibliothecis
814 1722 973 1799 anteponis,

152 1833 183 1882 15
198 1814 247 1872 sed
262 1814 291 1871 in
306 1814 432 1892 magistri
445 1815 574 1873 carisius
586 1817 723 1892 scriptum
736 1818 885 1877 videretur.

237 2006 343 2064 LVIII.
374 2004 450 2064 Nam
471 2006 547 2082 quod
568 2007 699 2065 inertiam
721 2027 840 2066 accusas
867 2009 975 2068 adolos-

198 2103 334 2174 cantium,
354 2104 402 2180 qui
429 2103 511 2162 istam
540 2114 638 2175 artem,
657 2105 780 2180 primum
800 2105 974 2178 facillimam,

199 2217 256 2256 non
276 2200 420 2270 ediscant3
442 2219 504 2276 qum
524 2216 609 2276 quam
622 2200 659 2257 sit
672 2199 773 2270 facilis,
788 2200 829 2258 illi
844 2201 974 2273 viderint,

198 2295 246 2371 qui
267 2296 328 2371 sjus
348 2298 415 2354 artis
438 2297 608 2373 arrogantid,
630 2297 710 2371 quasi
736 2297 902 2355 difficillima
927 2299 1004 2368 sits

152 2403 183 2451 20
200 2392 239 2449 ita
271 2393 382 2450 subnixi
418 2393 578 2462 ambulant;
611 2393 715 2449 dcindc
745 2393 830 2450 ctiam
856 2404 888 2450 tu
914 2393 975 2468 ipsc

199 2487 312 2556 rideris,
327 2488 374 2562 qui
394 2503 457 2544 earn
477 2497 566 2544 artem
586 2487 700 2545 facilem
719 2507 782 2546 asse
794 2489 877 2560 dicis,
891 2507 975 2564 quarn

199 2583 336 2640 concedis
363 2583 455 2640 adhuc
482 2593 572 2640 artem
597 2584 715 2641 omnino
741 2602 799 2651 non
827 2604 900 2657 esse,
924 2587 975 2644 scd

200 2679 360 2753 aliquando,
374 2678 397 2735 si
411 2679 474 2754 quis
489 2679 573 2737 aliam
594 2690 680 2737 artsm
701 2681 842 2754 didicerit,
856 2694 888 2740 ut
900 2683 976 2740 banc

200 2785 288 2833 artem
303 2804 306 2813 =
320 2775 435 2832 efficere
466 2775 566 2850 possit,
593 2786 654 2832 tum
686 2795 749 2835 csse
782 2777 858 2836 illam
885 2790 976 2836 artem

153 2887 185 2936 εὖ
200 2871 338 2930 futuram:
365 2871 478 2941 dsinds,
499 2871 575 2946 quod
595 2873 632 2929 sit
650 2873 735 2948 plena
759 2874 975 2934 delectationis:

201 2968 230 3025 in
244 2969 299 3042 qud
312 2968 364 3026 tibi
378 2967 524 3026 remittunt
541 2987 641 3026 omnes
657 2969 739 3026 istam
752 2970 932 3046 voluptatem,
947 2982 976 3029 ct

198 3064 236 3122 si
248 3081 279 3122 sc
292 3083 389 3124 carcre
401 3064 562 3143 patiuntur;
582 3083 639 3124 osc
652 3065 800 3142 quisquam
808 3078 853 3125 cst
865 3085 976 3140 sorum,
