2167 3567
155 313 218 388 106ι
469 311 516 378 sne
538 327 700 378 errrore.
908 325 978 386 [mr.
1012 372 1017 379 .

200 471 285 530 durau
303 471 381 551 leges
401 473 548 551 imponere
566 476 643 534 visus
661 494 694 534 ee
713 475 781 534 huie
808 472 900 545 aeteti3
926 473 978 532 eed

199 579 299 638 tumen.
310 570 344 628 od
359 569 397 642 id,
412 571 487 646 quod
508 572 637 647 eupiunt,
652 570 875 648 adipisoendum,
888 589 978 646 prope

199 667 383 724 neeesemioe.
424 666 454 724 N
457 686 502 724 orn
516 677 545 725 et
558 669 658 725 subite
679 669 714 725 od
732 667 892 744 propositus
911 685 979 724 oau-

199 779 245 818 suu
257 761 488 833 exercitationes,
501 777 531 820 et
544 773 685 820 accurate
698 773 727 821 et
740 763 881 820 meditatae
901 780 978 818 com·

167 857 397 928 omentutionee,
420 876 453 914 ao
474 858 555 916 stilus
574 858 624 916 ille
646 868 722 930 tuus,
743 877 826 933 quem
854 868 885 914 tu
911 875 977 914 rere

199 952 295 1009 dixisti
315 952 500 1028 perfectorem
522 953 637 1012 dicendi
657 973 720 1010 esse
741 973 775 1011 oo
800 953 975 1030 magistrum,

199 1047 281 1106 multi
308 1047 419 1106 sudoris
445 1061 504 1119 ert3
539 1060 569 1106 et
595 1049 643 1107 ille
669 1049 806 1106 orationis
829 1068 887 1105 eme
910 1067 976 1105 eum

199 1143 312 1218 scriptio
332 1143 431 1201 ulienir
452 1145 636 1220 oompmatio,
653 1154 682 1202 et
701 1144 736 1202 de
757 1144 850 1202 olieno
870 1143 976 1218 scripto
1062 1202 1066 1205 ,

199 1239 303 1310 nubite,
324 1239 367 1296 vel
388 1240 532 1312 laudandi,
553 1241 596 1298 rel
623 1241 810 1316 vituperandi,
831 1240 873 1297 rel
899 1258 977 1298 oom-

153 1343 184 1396 10
199 1335 348 1410 probandi,
368 1335 411 1392 rel
439 1336 586 1395 refellendi
612 1337 710 1407 causo,
734 1336 896 1414 disputatio,
917 1353 975 1394 nou

199 1430 352 1488 mediocris
375 1431 567 1491 contentionis
592 1441 645 1504 eet,
665 1431 709 1490 vol
737 1432 773 1490 od
799 1431 975 1502 memoriam,

198 1523 246 1584 rel
258 1526 292 1585 ud
307 1525 483 1587 imitandum.

237 1689 315 1776 LXI.
346 1716 420 1776 Illud
440 1737 507 1776 rero
528 1718 581 1776 suit
600 1718 745 1790 horribile,
760 1717 846 1794 quod,
866 1718 976 1776 meher-

198 1812 273 1884 oule,
296 1831 394 1870 vereor
417 1833 453 1870 ne
476 1815 611 1894 majorem
638 1816 693 1871 vim
718 1813 752 1871 ed
776 1808 974 1872 deterrendum

152 1917 183 1967 15
198 1907 337 1979 habuerit,
352 1927 434 1982 quam
450 1910 484 1967 ed
499 1909 715 1967 cohortandum.
755 1909 880 1967 Voluisti
897 1909 973 1966 euim

198 2005 228 2063 iu
254 2024 305 2063 suo
334 2024 438 2081 genere
461 2008 700 2081 unumquemque
732 2006 860 2062 nostrrim
893 2005 973 2080 quusi

198 2101 338 2176 quendam
353 2119 415 2158 esse
431 2101 590 2171 Roscium
612 2102 773 2176 dixistique,
787 2120 844 2158 nou
857 2112 914 2158 tem
928 2120 972 2172 eo,

197 2215 260 2271 que
287 2207 366 2254 reete
397 2208 501 2268 ersent,
527 2198 651 2272 probuti,
678 2216 773 2272 quam,
801 2215 862 2271 qum
888 2215 974 2270 prave

200 2291 303 2372 [eunt],
319 2292 439 2350 fastidiis
457 2293 666 2355 odhaeresoere:
687 2292 761 2368 quod
776 2311 830 2368 ego
843 2303 972 2349 nontam

150 2396 182 2446 20
198 2386 342 2446 fastidiose
356 2388 385 2445 in
399 2389 482 2445 uobis
502 2408 585 2464 quaro
600 2389 630 2446 iu
647 2389 832 2446 histrionibus
850 2387 972 2462 spectari

196 2493 273 2558 puto.
326 2483 425 2558 ltaque
458 2503 511 2540 nos
544 2503 647 2542 raucos
679 2503 753 2559 ompe
786 2483 972 2540 attentissime

198 2577 288 2636 audiri
302 2578 393 2650 rideo,
408 2579 500 2656 (terret
518 2579 594 2636 enim
615 2598 660 2636 res
679 2580 741 2655 ipse
761 2591 843 2654 atque
861 2580 971 2656 causa),

163 2744 166 2748 ¹
197 2683 224 2730 ot
244 2673 393 2749 AEsopum,
414 2674 437 2731 si
463 2674 578 2749 paulum
606 2673 761 2744 irruuserit,
784 2674 903 2748 explodi.
944 2674 972 2733 A

196 2769 298 2843 quibus
324 2769 399 2826 enim
426 2769 497 2826 nihil
530 2778 632 2844 preter
664 2769 835 2844 voluptutem
862 2769 971 2826 aurium

149 2877 181 2928 π
196 2865 339 2938 queritur,
354 2863 383 2922 in
398 2864 433 2921 iis
446 2864 609 2935 offenditur,
623 2864 706 2922 simul
728 2875 811 2938 etque
830 2864 972 2921 imminui·
990 2911 994 2918 .

196 2969 241 3020 tur
262 2959 366 3035 aliquid
386 2960 422 3016 de
443 2959 593 3034 voluptate.
639 2960 675 3019 ln
694 2960 856 3034 eloquenti&
877 2970 971 3017 autem

196 3055 286 3116 multo
303 3065 379 3128 root,
393 3075 455 3132 que
475 3066 600 3128 terreum,
618 3075 681 3131 que
701 3055 726 3112 si
745 3055 842 3114 omniu
860 3073 972 3114 summo
