2167 3567
109 380 182 441 nt]
396 378 440 429 ns
461 378 625 425 oniscon

109 528 198 587 multi
216 527 338 604 perfecti
359 528 490 589 homines
503 528 682 600 exstiterunt,
696 538 730 587 nt
740 546 827 586 nemo
840 527 902 586 sete

111 626 258 686 studuisse
271 625 300 683 ei
314 625 442 683 scientie
458 625 655 683 vehementius
668 626 807 696 videntur,
821 625 901 701 quin,

110 722 190 798 quod
217 712 349 793 volu'erit,
377 732 552 781 consecutus
576 722 621 779 sit.
668 722 747 784 Quis
773 722 902 794 musicis,

109 819 179 895 quis
199 819 269 877 huic
289 819 385 877 studio
405 819 564 891 literarum,
584 819 662 894 quod
681 819 850 895 profitentur
870 818 902 890 ii,

110 915 165 991 qui
192 915 374 992 grammatici
407 926 556 987 vocantur,
582 916 698 992 penitus
723 934 755 973 se
781 915 934 987 dediditt

111 1012 186 1087 quin
200 1030 316 1069 omnem
331 1012 443 1071 illarum
465 1012 569 1069 artium
589 1031 671 1086 pene
692 1012 833 1069 infinitam
845 1012 904 1069 vim

113 1118 144 1165 et
172 1108 322 1166 materiam
349 1108 477 1165 scientie
510 1108 686 1184 cogitatione
719 1109 905 1183 comprehen-

112 1205 211 1263 deritt
251 1205 328 1263 Vere
349 1204 420 1263 mihi
441 1206 496 1263 hoc
517 1205 613 1262 videor
633 1223 696 1261 esse
716 1205 855 1276 dicturus,
869 1224 905 1262 ex

113 1301 253 1362 omnibus
272 1302 317 1372 iis,
331 1302 380 1376 qui
402 1302 431 1359 in
452 1302 554 1359 harum
573 1301 676 1358 artium
690 1301 792 1358 studiis
804 1300 905 1359 libers·

114 1398 233 1455 lissimis
257 1398 314 1455 sint
338 1398 534 1472 doctrinisque
555 1398 668 1470 versati,
690 1398 837 1456 minimam
858 1417 905 1456 co·
919 1407 950 1457 1⁰

114 1493 194 1569 piem
221 1498 373 1569 poetarum
400 1494 581 1570 egregiorum
607 1495 756 1552 exstitisse.
807 1495 905 1569 Atque

115 1589 148 1648 in
173 1589 230 1647 hoc
253 1589 316 1664 ipso
342 1608 470 1661 numero,
496 1588 525 1647 in
552 1609 610 1665 qno
636 1608 752 1666 perraro
778 1592 904 1648 exoritur

114 1685 221 1760 sliquis
245 1685 399 1757 excellens,
420 1686 445 1743 si
465 1686 618 1762 diligenter
638 1695 667 1742 et
687 1706 722 1744 ex
741 1696 905 1744 nostrorum

113 1790 146 1839 ct
166 1800 204 1839 ex
223 1781 391 1839 Graecorunr
412 1781 497 1857 copiti
513 1800 687 1857 comparare
706 1781 794 1854 voles,
814 1781 905 1839 multo

114 1888 216 1937 tamen
247 1877 401 1953 pauciores
429 1887 567 1950 oratores,
594 1898 680 1954 quem
705 1883 800 1955 poete
836 1879 906 1937 boni
921 1887 952 1937 15

114 1974 306 2051 reperientur.
346 1973 437 2035 Quod
457 1973 514 2032 hoc
534 1975 622 2033 etism
641 1975 801 2033 mirabilius
820 1975 906 2033 debet

115 2070 220 2143 sideri,
234 2070 302 2146 quia
316 2080 477 2129 ceterarum
498 2072 601 2129 artium
617 2072 713 2129 studia
733 2072 793 2129 fere
806 2090 906 2130 recon-

117 2167 186 2225 ditis
201 2177 286 2243 atque
298 2167 402 2225 abditis
415 2188 432 2225 e
447 2168 572 2225 fontibus
583 2168 768 2238 hauriuntur3
789 2168 907 2226 dicendi

118 2274 216 2323 sutem
237 2263 331 2321 omnis
357 2264 431 2321 ratio
458 2263 488 2320 in
515 2264 610 2321 medio
635 2263 738 2337 posits,
759 2263 907 2322 communi

117 2360 243 2437 quodem
272 2360 302 2417 in
329 2378 393 2432 usu,
422 2369 507 2434 atque
534 2358 565 2416 in
592 2357 741 2417 hominum
774 2358 864 2417 more
878 2368 908 2416 et
921 2371 954 2423 m

16 2462 24 2479 ⁵
116 2476 251 2518 sermone
284 2467 428 2527 versatum
463 2464 496 2513 ut
527 2455 557 2513 in
591 2453 695 2512 ceteris
722 2454 751 2514 id
784 2455 907 2514 maxime

116 2553 252 2626 excellat,
280 2553 357 2629 quod
390 2552 559 2629 longissime
586 2552 624 2611 sit
652 2552 688 2610 ab
714 2551 908 2630 imperitorum

117 2650 313 2727 intelligentiis
342 2668 484 2724 sensuque
511 2650 696 2726 disjunctum,
725 2650 755 2709 in
781 2651 907 2710 dicendo

119 2757 217 2805 sutem
237 2747 338 2809 vitium
351 2746 395 2803 vel
416 2746 572 2805 maximum
591 2747 629 2804 sit
643 2746 783 2824 evulgari
801 2765 908 2823 genere

118 2841 260 2901 orationis
275 2852 360 2918 atque
374 2861 390 2899 a
404 2842 615 2901 consuetudine
632 2842 794 2901 communis
806 2842 909 2901 sennis
921 2856 954 2907 π

118 2939 283 2999 abhorrere

158 3132 213 3193 lv.
235 3132 284 3202 Ac
298 3150 337 3193 ne
356 3133 428 3193 illud
447 3133 563 3210 quiden
576 3152 644 3193 rere
663 3132 724 3193 dici
740 3141 909 3210 potestant
