2167 3567
129 308 169 369 20
449 319 493 367 nn
515 318 680 367 onauouu.
889 317 928 377 [ι
938 317 958 365 1.

177 476 290 536 centes3
320 476 403 542 atque
423 466 453 524 in
475 466 504 524 id
523 466 660 537 studium,
681 466 711 523 in
737 484 794 540 quo
818 464 898 535 estis,
919 463 961 522 in·

177 563 313 634 cumbite,
334 574 366 620 ut
386 572 414 620 et
435 563 515 620 robis
536 563 647 633 honori,
664 573 693 619 et
713 562 814 622 ardicis
833 560 960 632 utilitati,

176 669 205 717 et
219 660 383 736 reipublice
397 659 592 718 emolumento
605 678 669 717 esse
681 659 802 734 possitis.

216 852 271 909 IX.
293 852 371 911 Tum
393 852 521 911 Scaevola
541 854 672 925 comiter,
686 862 718 911 ut
738 852 857 923 solebat,
877 851 962 909 Cete-

144 952 217 1020 brs,
233 949 335 1024 inquit,
350 949 487 1007 assentior
507 951 621 1021 Crasso,
636 969 673 1006 ne
694 959 742 1007 aut
761 950 798 1007 de
818 949 853 1006 C.
868 948 961 1019 Laelii,

177 1046 270 1103 soceri
291 1046 357 1118 mci,
379 1056 427 1103 eut
447 1046 483 1103 de
504 1046 597 1122 hujus,
619 1046 729 1122 generi,
750 1055 800 1102 aut
820 1054 889 1116 arte,
913 1054 962 1102 aut

177 1142 268 1219 gloria
295 1143 458 1200 detraham:
486 1144 537 1201 sed
558 1143 607 1200 illa
626 1142 694 1213 duo,
715 1142 830 1212 Crasse,
850 1158 961 1213 vereor,

177 1247 208 1296 ut
228 1238 281 1296 tibi
300 1238 406 1315 possim
428 1239 606 1307 concedere;
627 1245 727 1308 unum,
746 1237 823 1312 quod
844 1237 880 1294 ab
899 1256 963 1294 ora·

176 1334 286 1391 toribus
312 1334 442 1392 civitates
468 1344 497 1391 et
524 1335 609 1393 initio
635 1334 815 1404 constitutas,
835 1342 865 1390 et
886 1351 961 1409 saepc
988 1354 993 1364 ·

130 1436 161 1487 10
177 1439 356 1487 conservatas
376 1448 439 1487 esse
459 1428 572 1499 dixisti3
594 1429 724 1500 alterum,
746 1428 833 1504 quod,
852 1437 963 1487 remoto

176 1525 247 1596 foro,
269 1525 421 1596 concione,
439 1525 567 1601 judiciis,
586 1538 698 1594 senatu,
717 1525 851 1595 statuisti,
869 1536 963 1583 orato-

176 1640 234 1679 rem
250 1622 280 1678 in
294 1621 372 1679 omni
386 1634 492 1698 genere
506 1621 645 1679 sermonis
657 1629 686 1678 et
700 1620 885 1680 humanitatis
898 1639 963 1677 esse

175 1717 344 1793 perfectum.
383 1717 460 1779 Quis
480 1717 558 1775 enim
576 1717 628 1775 tibi
645 1717 704 1780 boc,
714 1716 897 1787 concesserit,
913 1726 962 1775 aut

175 1812 258 1871 initio
291 1832 383 1891 genus
416 1814 565 1871 hominum
591 1813 622 1871 in
648 1812 795 1871 montibus
822 1831 857 1870 ac
882 1812 962 1871 silvis

130 1917 160 1966 15
176 1909 352 1985 dissipatum,
366 1928 424 1967 non
438 1910 623 1985 prudentium
638 1909 767 1966 consiliis
781 1909 962 1984 compulsum

175 2005 280 2082 potius,
301 2024 385 2080 quam
406 2006 578 2063 disertorum
598 2005 728 2063 oratione
747 2005 909 2076 delinitum,
929 2024 962 2063 se

176 2100 287 2176 oppidis
307 2102 505 2175 moenibusque
525 2101 668 2177 sepsissel
689 2111 738 2159 aut
751 2120 819 2159 vero
839 2101 963 2176 reliquas

176 2197 321 2269 utilitates,
337 2208 386 2255 aut
406 2198 435 2256 iu
457 2198 678 2270 constituendis,
693 2209 743 2257 aut
758 2198 962 2256 conservandis

176 2292 349 2366 civitatibus,
370 2314 429 2351 non
450 2313 467 2352 a
486 2295 664 2371 sapientibus
688 2305 717 2353 et
740 2295 862 2356 fortibus
882 2294 961 2365 viris,

128 2404 160 2455 so
176 2390 226 2447 sed
248 2410 264 2447 a
284 2390 398 2449 disertis
417 2400 447 2448 et
466 2402 567 2448 ornate
587 2391 751 2449 dicentibus
771 2409 834 2447 esse
855 2390 961 2447 consti·

175 2487 270 2544 tutasl
310 2486 359 2543 An
373 2505 441 2544 vero
456 2486 509 2545 tibi
530 2486 675 2554 Romulus
696 2486 744 2544 ille
756 2496 813 2542 aut
832 2494 962 2560 pastores

175 2591 205 2641 et
225 2600 369 2639 convenas
393 2582 596 2659 congregasse,
618 2591 666 2639 aut
693 2582 866 2640 Sabinorum
893 2600 963 2639 con·

175 2677 265 2737 nubia
284 2678 477 2754 conjunxisse,
499 2688 548 2736 aut
570 2678 757 2736 finitimorum
777 2678 835 2735 vim
854 2697 963 2755 repres-

176 2776 247 2833 sisse
267 2774 430 2849 eloquentid
450 2775 572 2847 videtur,
592 2794 651 2832 non
670 2774 791 2833 consilio
808 2784 838 2831 et
851 2775 964 2850 sapien·

52 2885 56 2896 ·
128 2884 161 2935 25
175 2870 216 2930 tit
230 2870 387 2949 singularil
426 2870 509 2933 Quid
523 2871 622 2929 eniml
646 2871 676 2929 in
695 2870 794 2929 Numd
811 2872 961 2948 Pompilio,

174 2967 264 3043 quidl
297 2967 328 3025 in
355 2968 417 3025 Ser.
445 2968 546 3037 Tullo,
573 2967 663 3044 quidl
698 2968 729 3027 in
755 2969 875 3027 ceteris.
888 2967 963 3045 regi·

175 3064 240 3139 bris,
259 3082 382 3142 quorum
408 3064 500 3124 multa
516 3073 585 3127 suut
603 3064 711 3125 eximia
729 3065 767 3125 nd
784 3064 964 3127 constituen-
