2167 3567
7 297 8 384 J
88 300 117 350 t.
128 306 162 366 a]
366 307 419 355 rue
440 291 604 354 onerosae.
882 293 921 354 81

89 451 262 510 facultatem
276 452 366 526 daret,
381 465 475 512 tamen
489 473 556 514 esse
573 455 653 512 Deus
671 454 833 530 putabatur,
846 463 879 512 ut

89 559 119 606 et
149 549 254 624 ipsum,
283 551 360 624 quod
386 561 447 608 erat
480 550 605 609 hominis
635 551 791 626 proprium,
818 569 877 608 nou

88 655 207 718 partum
228 665 279 720 per
299 665 360 716 nos,
383 647 433 704 sed
454 646 591 704 divinitus
612 647 648 704 ad
668 666 721 704 nos
741 647 876 717 delatum,

89 742 255 812 videretur;
277 743 390 814 deinde,
405 743 453 818 qui
472 743 571 818 possit,
591 761 650 799 non
670 753 728 800 tam
748 743 877 800 caduceo

90 855 179 910 quam
207 838 324 895 nomine
350 839 471 896 oratoris
497 849 624 909 ornatus,
651 839 811 910 incolumis,
832 840 907 896 velo

7 957 8 966 ¹
91 931 169 991 inter
203 933 326 992 hostium
359 935 426 1006 tela,
454 934 576 992 versari:
609 944 681 1005 tum,
707 935 756 1009 qni
782 935 876 992 scelus

91 1028 280 1103 fraudemque
306 1031 437 1087 nocentis
462 1031 553 1106 possit
578 1030 703 1088 dicendo
735 1031 876 1106 subjicere

90 1125 163 1183 odio
185 1125 301 1196 civium,
325 1127 523 1202 supplicioque
546 1126 758 1202 constringer03
789 1127 877 1183 idem·

89 1241 148 1297 que
175 1222 285 1298 ingenii
311 1223 444 1298 praesidio
477 1221 672 1280 innocentiam
703 1222 875 1298 judiciorum

89 1319 179 1393 poend
200 1319 337 1389 liberare;
365 1319 498 1393 idemque
517 1318 701 1395 languentem
721 1319 876 1376 labentem·
890 1321 929 1369 10·

89 1433 150 1488 que
182 1414 318 1490 populum
347 1424 395 1472 aut
422 1415 457 1470 ed
484 1415 574 1472 decus
600 1415 735 1485 excitare,
764 1425 812 1472 aut
839 1416 876 1472 ab

88 1528 191 1567 errore
214 1510 367 1581 deducere,
389 1519 442 1568 aut·
464 1510 640 1568 inflammare
666 1511 696 1568 in
722 1512 874 1586 improbos,

91 1618 143 1665 aut
163 1607 314 1664 incitatum
335 1606 365 1664 in
386 1606 475 1664 bonos
495 1606 642 1682 mitigare;
670 1606 718 1680 qui
740 1607 873 1681 denique,

90 1721 302 1777 quemcumque
317 1703 346 1758 in
363 1702 465 1760 animis
485 1701 632 1758 hominum
652 1713 760 1759 motum
780 1721 826 1759 res
846 1713 876 1759 et

91 1816 183 1855 causa
201 1798 335 1873 postulet,
349 1816 414 1854 eum
434 1797 558 1854 dicendo
571 1797 615 1853 vel
636 1797 761 1854 excitare
774 1799 874 1872 possit,
889 1805 920 1852 15

7 1937 8 1968 3
90 1892 137 1950 vel
158 1893 267 1950 sedare.
308 1892 394 1952 Hanc
414 1892 471 1948 vim
485 1891 586 1966 siquis
605 1891 757 1963 existimat,
772 1904 821 1951 aot
839 1895 875 1950 ab

7 1975 8 1982 ἵ
91 1988 128 2046 iis
142 1988 192 2062 qui
207 1989 242 2046 de
256 1987 372 2047 dicendi
388 1988 499 2046 ratione
519 1987 704 2062 scripserunt,
717 1988 874 2063 expositam

91 2101 166 2154 esse,
189 2093 237 2140 aut
258 2101 274 2140 a
293 2101 339 2140 me
357 2101 441 2158 posse
468 2082 573 2158 exponi
599 2092 659 2139 tam
685 2083 772 2154 brevi,
792 2084 875 2140 vehe-

91 2189 203 2237 menter
223 2188 314 2249 errat;
341 2197 434 2254 neque
456 2177 549 2236 solum
569 2176 748 2238 inscientiam
770 2197 873 2249 meam,

91 2275 142 2332 sed
164 2293 201 2332 ne
221 2293 316 2332 rerum
336 2275 449 2349 quidem
472 2273 709 2349 magnitudinem,
729 2273 872 2348 perspicit.
887 2282 920 2331 2⁰

7 2385 8 2420 1
92 2369 243 2444 Equidem
261 2370 350 2440 vobis,
378 2368 511 2444 quoniam
538 2369 579 2425 ita
605 2367 742 2438 voluistis,
771 2369 873 2440 sontes,

91 2465 170 2522 unde
197 2465 358 2538 hauriretis,
382 2475 464 2539 atque
492 2463 596 2520 itinera
622 2463 692 2538 ipsa,
715 2464 754 2522 ita
779 2467 873 2540 putavi

91 2580 154 2618 esse
182 2560 419 2628 demonstranda;
454 2579 513 2617 non
540 2570 572 2616 ut
598 2559 658 2635 ipse
690 2561 748 2619 dux
781 2580 873 2618 essem

92 2655 181 2732 (quod
197 2666 225 2712 et
239 2657 380 2714 infinitum
394 2666 447 2726 est,
461 2666 490 2713 et
509 2675 569 2712 non
590 2659 808 2734 necessarium),
823 2658 873 2714 sed

91 2763 123 2810 ut
151 2762 401 2810 commonstrarem
433 2762 547 2810 tantum
576 2751 660 2822 viam,
687 2763 725 2824 et,
754 2763 785 2810 ut
811 2754 872 2812 lieri
886 2765 918 2814 25

90 2849 183 2919 solet„
190 2847 310 2924 digitum
326 2847 360 2904 ad
375 2846 467 2904 fontes
481 2846 667 2909 intenderem,

121 3037 255 3104 XLVII.
277 3036 352 3096 Mihi
365 3053 441 3109 vcro,
453 3035 546 3111 inquit
559 3035 685 3109 Mucius,
696 3037 765 3094 satis
778 3055 873 3113 super-
