2167 3567
92 319 162 380 ns]
374 318 416 366 un
439 316 602 364 onrronr.
880 303 923 364 98

91 466 180 524 cibus
199 483 263 524 esse
281 465 383 538 noluit,
403 465 453 522 sed
475 483 512 522 ne
534 464 661 523 ornatius
686 463 801 540 quidem
828 473 877 522 aut

90 561 214 620 liberius
235 580 351 620 causam
371 561 430 621 dici
449 580 539 633 suam,
560 579 645 638 quam
665 561 784 637 simplex
803 561 877 618 ratio

92 658 224 716 veritatis
250 658 365 716 serebat.
419 657 539 716 Paulum
566 657 634 716 huio
661 656 752 715 Cottae
777 657 877 716 tribuit

91 754 230 832 partium,
258 754 443 812 disertissimo
476 753 661 823 adolescenti,
687 753 792 810 sororis
818 772 877 810 sue

92 849 166 907 filio.
207 850 288 908 Dixit
308 850 375 906 item
396 868 511 908 causam
527 849 602 906 illam
615 849 735 925 quddam
750 861 877 924 exparte
890 853 908 905 h

89 945 137 1006 Q„
159 945 285 1016 Mucius,
306 964 385 1002 mora
411 964 471 1016 suo,
492 945 571 1002 nullo
595 955 738 1020 apparatu,
758 956 878 1021 puroet

92 1041 234 1098 dilucide.
273 1041 361 1102 Quod
376 1041 400 1098 si
414 1052 443 1098 tu
465 1051 544 1111 tunc,
559 1040 672 1111 Crasse,
687 1041 815 1112 dixisses,
829 1042 877 1115 qui

94 1136 256 1194 subsidium
277 1137 391 1208 oratori,
407 1157 441 1194 ex
455 1135 510 1194 illis
524 1136 761 1211 disputationibus
775 1137 878 1211 quibus

92 1232 259 1310 philosophi
286 1243 413 1302 utuntur,
434 1233 468 1290 ad
496 1232 612 1288 dicendi
639 1232 762 1307 copiam,
781 1242 878 1308 peten-

94 1328 168 1386 dum
189 1315 251 1386 esse
270 1329 355 1403 paulo
375 1339 439 1388 ante
460 1327 592 1396 dicebas;
613 1338 651 1398 et,
665 1328 689 1385 si
709 1327 760 1384 tibi
780 1346 832 1403 pro
845 1328 876 1385 P.
892 1336 923 1387 10

96 1423 222 1495 Rutilio,
242 1443 300 1481 non
323 1425 556 1500 philosophorum
583 1443 670 1494 more,
691 1423 740 1480 sed
766 1433 826 1498 tuo,
846 1424 879 1482 li·

95 1521 207 1578 cuisset
230 1519 342 1590 dicere3
369 1519 496 1595 quamvis
522 1519 654 1578 scelerati
681 1519 722 1576 illi
749 1519 877 1592 fuissent,

95 1615 186 1674 sicuti
200 1615 323 1686 suerunt,
336 1615 463 1691 pestiferi
477 1616 563 1687 cives,
574 1615 768 1693 supplicioque
782 1616 878 1692 digni;

96 1722 196 1770 tamen
216 1729 329 1770 omnem
350 1730 446 1769 eorum
468 1712 708 1788 importunitatem
723 1731 758 1768 ex
772 1712 879 1769 intimis

98 1806 244 1865 mentibus
263 1807 403 1866 evellisset
419 1809 461 1866 vis
480 1808 617 1866 orationis
630 1819 702 1866 tue:
723 1827 801 1867 nunc
815 1808 879 1866 talis
894 1815 924 1864 15

98 1903 142 1961 vir
165 1902 283 1960 amissus
302 1913 354 1972 est,
370 1903 437 1961 dum
457 1923 544 1962 causa
564 1905 604 1962 ita
623 1905 737 1976 dicitur,
754 1916 784 1962 ut
803 1905 828 1962 si
849 1906 878 1961 in

99 1997 151 2056 illd
172 1997 367 2056 commentitii
386 1999 512 2056 Platonis
532 2000 646 2057 civitate
668 2018 714 2056 res
740 2012 877 2076 ageretur.

99 2093 198 2150 Neruo
219 2093 368 2170 ingemuit,
388 2113 473 2152 nemo
500 2094 662 2152 inclamavit
686 2105 878 2170 patronorum,

97 2187 172 2246 nihil
195 2187 327 2262 cuiquam
349 2187 448 2259 doluit,
469 2187 554 2246 nemo
580 2198 624 2245 est
650 2199 774 2262 questus,
794 2210 879 2249 nemo

99 2283 305 2358 rempublicam
319 2285 485 2360 imploravit,
496 2303 581 2340 nemo
591 2284 767 2359 supplicavit.
797 2286 878 2347 Quid
893 2294 925 2345 ὓ)

99 2380 211 2437 multal
238 2381 338 2455 pedem
360 2399 443 2437 nemo
471 2381 499 2437 in
527 2379 575 2436 illo
599 2380 708 2456 judicio
733 2382 879 2458 supplosit,

98 2476 201 2547 credo,
215 2495 251 2534 ne
265 2476 371 2535 Stoicis
385 2476 601 2534 renuntiaretur.

142 2666 219 2726 LIV.
250 2667 382 2726 Imitatus
408 2678 451 2724 est
477 2668 564 2725 homo
590 2667 740 2727 Romanus
763 2681 791 2729 et
814 2690 880 2731 cou-

98 2763 205 2822 sularis
224 2773 347 2822 veterem
374 2763 452 2821 illum
481 2765 638 2836 Socratem,
658 2765 716 2839 qui,
737 2785 802 2824 cum
823 2786 880 2825 our-

98 2860 183 2919 nium
204 2858 427 2935 sapientissimus
447 2870 530 2932 esset,
545 2861 779 2936 sanctissimeque
800 2862 881 2920 vixis·
893 2877 925 2926 25

97 2964 155 3028 set,
177 2953 218 3013 ita
237 2954 266 3012 in
283 2954 393 3031 judicio
421 2955 522 3031 capitis
547 2975 649 3032 prose
669 2957 729 3033 ipse
749 2955 829 3029 dixit,
849 2968 881 3016 ut

98 3067 162 3112 non
175 3050 294 3130 supplex
313 3060 362 3110 aut
381 3069 456 3125 reus,
470 3051 519 3108 sed
538 3051 672 3130 magister
687 3062 735 3112 aut
748 3053 881 3116 dominus
