2167 3567
105 312 176 373 nr]
392 315 434 363 nn
456 316 621 363 onsrosn

105 462 192 519 nobis
213 462 244 520 in
264 463 401 521 tribunali
420 462 460 527 Q.
476 464 617 540 Pompeii,
634 464 764 539 presteris
783 463 897 537 urbani,

106 558 258 616 fmniliuris
285 560 386 631 nostri,
408 561 585 632 sedentibus,
606 560 693 617 homo
718 580 755 619 ex
777 579 899 619 nurnero

103 655 283 713 disertorum
310 657 482 733 postulabat,
504 667 535 714 ut
563 657 614 727 illi,
641 656 718 715 unde
743 668 897 734 peteretur,

104 761 190 807 retus
218 763 303 827 atque
330 753 434 811 usitate
462 753 593 829 exeeptis
626 754 751 825 duretur,
779 752 898 829 “Cujus

104 848 241 921 pecuniae
270 849 332 907 dies
358 849 501 907 suissett”
537 849 613 923 quod
646 850 777 925 petitoris
809 851 928 907 snusdd

105 956 397 1019 comparatumesss
423 964 482 1003 non
510 945 705 1022 intelligebst;
733 956 775 1017 ut,
798 946 823 1004 si
850 946 898 1005 ille

106 1040 246 1097 infitiator
280 1043 427 1117 probfisset
457 1042 560 1118 judici,
588 1054 654 1099 unte
683 1042 802 1117 petitam
834 1060 898 1101 esse

104 1137 273 1212 pecuniam,
306 1156 390 1213 quarn
424 1151 500 1196 esset
526 1148 621 1214 crepta
647 1137 756 1210 deberi,
783 1137 897 1213 petitor,

106 1251 208 1290 rursus
235 1253 302 1292 cum
335 1245 454 1310 peteret,
482 1235 653 1310 exceptione
679 1234 896 1291 excluderetur:

105 1330 228 1391 “Quod
256 1349 291 1387 en
316 1349 362 1387 res
391 1331 420 1388 in
451 1331 595 1407 judicium
628 1341 713 1387 antes
745 1329 896 1387 venisset''
913 1340 944 1391 1⁰

103 1425 191 1487 Quid
207 1445 276 1502 ergo
290 1426 344 1483 hoo
359 1426 419 1484 fieri
433 1428 545 1501 turpius
560 1437 608 1484 uut
621 1426 679 1483 diui
693 1436 797 1501 potest,
811 1444 897 1501 quam

106 1540 186 1593 suni,
208 1523 257 1597 qni
279 1523 353 1580 huno
379 1538 529 1598 personam
550 1524 718 1598 susceperit,
738 1533 770 1579 ut
791 1522 897 1579 emico·

107 1636 173 1675 rurn
195 1620 403 1676 controversias
423 1638 581 1693 osusasque
602 1629 725 1687 tueatur,
745 1618 898 1677 laboranti·

107 1715 164 1771 bus
183 1726 343 1785 succurrat,
358 1715 441 1791 egris
462 1715 619 1785 medeatur,
642 1714 762 1771 afflictos
781 1714 897 1785 excitet,

108 1812 188 1869 hunc
210 1812 239 1869 in
260 1812 386 1868 minimis
405 1810 637 1885 tenuissimisque
664 1812 749 1867 rebus
769 1811 944 1881 itaisbi,15

108 1918 148 1968 ut.
163 1908 226 1965 diis
247 1908 433 1978 miserandus,
450 1908 512 1965 aliis
533 1907 696 1965 irridendus
719 1926 783 1964 esse
802 1907 897 1966 vides·

108 2006 175 2061 turi
217 2004 360 2078 Equidem
382 2004 571 2080 propinquum
599 2014 739 2075 nostrum,
759 2003 790 2060 P.
813 2003 897 2061 Crus-

108 2120 184 2172 sum,
210 2100 293 2161 illum
326 2100 461 2171 Divitem,
490 2118 558 2157 cum
591 2100 687 2157 multis
720 2099 783 2157 sliis
810 2100 897 2157 rebus

109 2197 270 2274 elegantem
291 2196 435 2253 hominem
457 2206 486 2253 et
506 2205 648 2266 ornatum,
668 2205 729 2251 tum
752 2194 897 2270 precipue

110 2293 140 2350 in
169 2292 225 2349 hoo
255 2290 431 2371 [serendum]
454 2301 483 2348 et
508 2291 684 2349 laudandum
710 2299 788 2364 puto,
809 2290 896 2364 quod,
911 2305 944 2356 ω

110 2408 177 2447 eum
195 2388 227 2446 P.
242 2388 380 2445 Soaevolae
401 2387 487 2445 stater
501 2397 586 2457 esset,
602 2386 703 2443 solitus
723 2384 750 2443 ei
769 2403 896 2461 persepe

10 2478 11 2481 ’
108 2485 218 2555 dicere,
233 2502 326 2559 neque
340 2484 421 2541 illum
436 2483 465 2541 in
477 2483 541 2559 jure
562 2481 640 2539 civili
659 2480 728 2538 setis
750 2479 806 2557 [iili
826 2481 894 2563 arti]
996 2486 1004 2501 '

110 2582 206 2640 fucere
234 2599 326 2657 posse,
348 2580 404 2637 nisi
435 2578 553 2635 dicendi
580 2576 693 2652 copiam
718 2578 897 2637 assumsisset

11 2740 13 2755 ,
111 2678 200 2755 (quod
222 2678 337 2752 quidem
358 2676 416 2747 hio,
431 2674 480 2750 qui
496 2693 608 2733 mecum
629 2674 730 2731 consul
745 2673 807 2745 fuit,
822 2674 897 2731 tilius

110 2775 180 2851 ejus,
208 2786 252 2831 est
278 2772 485 2849 consecutus),
519 2789 614 2845 neque
640 2789 672 2829 se
698 2781 764 2829 unte
795 2788 897 2829 osusus
912 2782 945 2834 z

111 2872 268 2931 amisorum
295 2879 419 2927 tractare
446 2879 530 2944 utque
554 2886 638 2945 egere
659 2866 790 2943 ooepisse,
811 2882 898 2940 quem

107 2968 153 3045 jus
173 2967 261 3027 nivils
279 2966 437 3024 didioisset.
477 2964 560 3027 Quid
580 2982 648 3021 vero
672 2962 719 3021 ille
740 2961 781 3019 M.
802 2960 897 3035 Cetei

110 3082 208 3139 nonne
234 3072 263 3123 et
289 3059 454 3145 eloquentid
479 3059 562 3122 tsutd
588 3059 652 3135 fuit,
679 3068 815 3135 quautam
846 3056 898 3121 ills
