2167 3567
99 337 181 401 1..11.1
381 337 425 386 m:
446 339 611 388 omrem
874 329 932 388 mr

99 504 182 560 equo
196 485 291 545 mimo
306 485 378 544 feret
391 486 508 556 eivitss3
528 505 603 561 que,
617 485 642 544 si
656 504 727 544 roes
741 486 774 544 L
788 485 887 544 cresi

99 582 400 654 suspiraremus
421 583 544 657 quodam
565 601 628 640 sese
645 583 793 658 spoliatam
806 593 887 658 petus

99 677 149 740 bit
190 678 220 735 N
223 697 278 749 sm,
293 678 400 750 hercle,
416 679 508 754 inquit
528 679 684 751 Antonius,
698 679 723 737 si
743 679 806 736 heo
820 662 887 737 rere

100 793 117 832 a
137 774 241 832 Catulo
260 774 339 832 diets
359 785 434 846 suut,
455 775 508 832 tibi
536 793 650 838 meeum
671 774 700 832 in
720 774 823 832 eodem
843 784 887 832 est

97 869 230 946 pistrino,
245 871 359 942 Crasse,
374 871 542 928 vivendum:
564 881 594 927 et
614 871 696 929 istam
716 871 886 930 oscitantem
901 873 918 922 5

99 975 129 1022 et
142 965 340 1024 dormitantem
362 965 530 1042 sapientiem
552 967 745 1024 Sererelemm
764 976 797 1025 et·
811 977 887 1024 eete-

99 1076 194 1119 rorum
208 1062 363 1132 ¹beaterum
383 1062 443 1120 otio
464 1062 667 1121 concedamus.
711 1062 818 1120 Arrisit
837 1062 887 1122 hie

99 1156 221 1216 Crassus
235 1157 353 1226 leniter;
375 1169 414 1228 et,
427 1158 552 1224 Pertexe
569 1158 665 1228 modo,
680 1158 780 1233 inquit,
795 1159 887 1216 Anto-

99 1253 140 1323 ni,
164 1255 239 1328 quod
267 1273 384 1324 exorsus
411 1271 458 1310 es:
492 1273 538 1311 me
562 1264 658 1311 tamen
683 1254 738 1312 iste
759 1254 886 1315 oseittns

99 1349 249 1424 sapientie,
277 1349 360 1408 simul
389 1359 482 1424 etque
500 1350 536 1406 ad
562 1369 627 1410 eam
659 1349 828 1427 confugero,
855 1350 885 1408 in
902 1358 934 1408 m

98 1445 259 1504 libertatem
273 1445 438 1507 vindicabit

138 1637 282 1696 XXXIV.
314 1637 410 1714 Hujus
439 1638 565 1713 quidemr
587 1639 655 1710 loci,
682 1657 767 1714 quem
800 1639 887 1698 modo

99 1753 161 1794 sum
177 1753 304 1805 exorsus,
320 1734 368 1792 hie
381 1745 424 1792 est
438 1735 512 1806 finis,
527 1735 621 1810 inquit
636 1736 797 1793 Antonius:
818 1755 887 1811 que·

98 1830 177 1888 niam
205 1830 383 1908 intelligitur,
407 1849 465 1888 non
493 1831 522 1888 in
551 1832 698 1889 hominum
726 1832 886 1890 innumere·

99 1926 214 1984 bilibus.
235 1927 373 2002 personis,
401 1946 495 2002 neque
523 1927 552 1985 in
581 1926 692 1986 infiniti
726 1939 886 2004 temporum
901 1934 933 1984 15

100 2022 245 2093 verietate,
264 2023 313 2080 sed
335 2022 364 2080 in
386 2041 522 2099 generum
544 2023 640 2080 causis
661 2033 745 2097 atque
765 2025 885 2096 naturis,

99 2118 197 2178 omnir
223 2119 280 2177 sita'
303 2138 376 2190 esse,
403 2138 465 2194 quae
493 2119 523 2178 in
549 2119 668 2176 dubium
698 2132 884 2190 tormentum

99 2229 207 2292 genem
228 2215 321 2272 sutem
342 2233 405 2272 esse
425 2214 552 2287 definita,
566 2232 624 2272 non
645 2214 737 2272 solum
755 2234 885 2286 numero,

100 2309 251 2370 sedetiam
267 2310 429 2386 paucitate3
450 2320 481 2370 ut
495 2329 558 2368 erm
574 2310 722 2368 materiem
736 2306 885 2383 orationis,
966 2384 969 2388 ι

99 2424 163 2480 que
183 2406 320 2482 cujusque
338 2417 416 2465 esset
436 2405 560 2482 generis,
581 2406 702 2465 studiosi
721 2406 770 2482 qui
790 2418 886 2464 essent
899 2419 932 2468 w

100 2501 227 2574 dicendi,
247 2502 381 2560 omnibus
403 2502 476 2560 loeis
503 2503 685 2577 descriptam,
699 2502 885 2576 instructam,

98 2608 284 2674 ornatamque
302 2599 588 2674 eomprehenderent‚
602 2598 767 2657 rebusdieo
780 2610 810 2658 et
823 2619 887 2658 sen·

99 2694 206 2752 tentiis.
247 2695 298 2752 Ere
318 2695 346 2752 vi
366 2695 418 2752 sui
439 2696 525 2753 verbs
543 2695 663 2771 perient,
685 2715 748 2770 qure
764 2715 886 2772 semper

99 2791 169 2848 setis
189 2803 289 2851 ornata
306 2791 379 2848 mihi
403 2791 518 2866 quidem
538 2791 628 2856 rideri
647 2792 749 2862 solent,
769 2791 794 2851 si
814 2792 887 2869 ejus·

99 2885 178 2944 modi
193 2886 271 2958 simt«,¹
280 2897 311 2944 ut
322 2906 357 2945 es
366 2905 412 2946 res
423 2887 484 2964 ipss
496 2887 640 2964 peperisse
650 2886 787 2945 videatur.
829 2887 885 2959 Ao,
900 2898 933 2949 ss

99 2981 124 3039 si
145 2999 243 3040 rerum
263 2983 399 3058 queritis,
418 2983 494 3058 quod
519 2983 590 3042 mihi
611 2983 725 3058 quidem
746 2983 885 3055 rideatur,

101 3074 187 3156 (nihil
202 3078 278 3156 enim
300 3079 378 3140 eliud
399 3079 537 3160 effismsre
556 3097 683 3156 possum,
697 3078 754 3161 nisi
773 3089 886 3155 senum
