2167 3567
91 318 164 377 uni
375 319 418 366 nu
440 319 604 366 ons'ronu.
884 307 924 372 ⁷³

90 465 237 536 rediisset,
257 476 286 523 et
307 465 448 524 amisisset
466 466 542 524 hano
569 463 724 523 civitatem.
775 464 881 528 Quid?

91 560 129 616 de
152 560 294 631 libertate,
318 579 374 635 quo
392 561 533 636 judicium
554 560 668 636 gravius
685 579 749 620 esse
767 561 879 620 nullum

6 715 7 718 Ἴ
90 666 197 730 potest,
212 675 307 714 nonne
321 675 356 714 ex
370 657 434 731 jure
449 656 525 713 eiviii
538 666 707 731 potestesse
721 656 877 728 eontentio,

92 770 162 808 cum
183 752 328 825 quaeritur,
350 751 384 821 is,
405 752 453 826 qui
479 752 589 809 domini
610 752 755 816 vuluntate
774 769 878 810 oeneus

91 847 139 916 sit,
156 849 344 919 continuone,
360 867 396 906 an
418 848 466 904 ubi
486 847 607 905 lustrum
627 847 785 919 eonditum,
805 847 907 905 libero

91 943 151 1000 siit
191 943 284 1014 Quid,
306 944 382 1018 quod
403 961 466 1013 usu,
487 943 626 1000 memorii
647 952 770 1018 petrum,
791 944 877 1015 venit,

6 1063 7 1122 }
91 1052 124 1096 ut
139 1041 353 1114 paterfamilias,
369 1040 467 1114 quiex
486 1039 628 1114 Hispaniis
648 1039 774 1097 Romam
787 1039 879 1097 venis·

6 1137 7 1184 t
91 1149 148 1206 set,
163 1155 230 1192 eum
251 1155 368 1194 uxorem
388 1147 581 1212 praegnantem
602 1137 632 1193 in
651 1135 800 1210 provineid
813 1136 878 1194 reli·

91 1232 212 1305 quisset,
227 1231 386 1306 Romaeque
406 1231 522 1290 elterem
544 1231 680 1302 duxisset,
693 1249 787 1305 neque
805 1250 878 1289 nun·

92 1327 166 1384 tium
187 1327 279 1408 priori
296 1327 460 1398 remisisset,
482 1338 666 1403 mortuusque
688 1337 764 1386 esset
790 1327 877 1384 intes-
891 1338 922 1388 lt

91 1433 164 1493 tato,
179 1435 209 1478 et
222 1423 390 1497 enutritque
409 1423 484 1480 filius
503 1433 588 1480 natus
600 1433 691 1494 esset;
712 1423 877 1481 mediocris·

91 1537 131 1574 ne
164 1537 211 1574 res
244 1519 273 1575 in
307 1519 530 1576 controversiam
564 1519 688 1576 edduete
712 1521 776 1577 estt
809 1538 876 1577 eum

91 1623 268 1689 quereretur
288 1614 324 1670 de
347 1613 459 1672 duobus
486 1614 592 1672 oivium
619 1615 770 1690 capitibus,
791 1625 820 1672 et
839 1615 876 1673 de

91 1727 194 1783 puero,
216 1709 264 1784 qui
284 1727 320 1766 ex
339 1710 496 1786 posteriore
515 1721 599 1768 uatus
619 1721 689 1781 eret,
710 1721 739 1770 et
759 1712 794 1768 de
814 1713 876 1788 ejus

92 1815 200 1874 matre;
229 1823 301 1881 que,
330 1806 354 1862 si
377 1805 564 1881 judicaretur,
592 1807 678 1864 eertis
706 1806 922 1882 quibusdem15

92 1900 197 1971 verbis,
218 1918 276 1958 non
304 1901 384 1958 novis
411 1901 527 1976 nuptiis,
548 1901 611 1958 fieri
637 1921 704 1961 eum
730 1903 875 1978 superiore

92 1995 255 2067 divortium,
268 1996 298 2054 in
312 1996 480 2054 eoneubinae
494 1996 589 2052 looum
600 1996 760 2055 duceretur.
802 1998 876 2058 Here

92 2091 192 2167 igitur,
207 2102 234 2148 et
249 2092 350 2149 horum
370 2092 473 2149 similia
490 2092 555 2167 jure
574 2112 632 2150 sue
652 2092 776 2150 civitatis
796 2094 876 2170 igno-

91 2198 215 2259 rantem,
230 2198 356 2250 ereetum
370 2199 399 2245 et
412 2188 530 2258 celsum,
546 2187 632 2245 nleori
646 2198 675 2244 et
686 2199 814 2264 prompto
826 2208 876 2247 ore

94 2302 128 2340 ao
156 2283 245 2356 vultu,
272 2283 330 2342 huo
365 2293 449 2358 atque
483 2283 552 2342 illue
584 2282 752 2354 intuentem,
779 2284 875 2359 vigeri
888 2291 920 2342 ω

93 2379 199 2456 magud
215 2397 280 2436 enm
295 2379 408 2436 oeterni
422 2388 483 2435 toto
497 2377 570 2449 foro,
583 2378 746 2455 presidium
766 2378 876 2437 elienti·

93 2476 158 2546 bus,
181 2485 263 2548 atque
285 2493 368 2549 opem
389 2473 499 2546 amieis,
520 2485 550 2531 et
568 2493 656 2550 prope
675 2474 788 2534 eunetis
807 2474 876 2533 eivi-

93 2572 147 2628 bus
174 2570 269 2628 lucem
294 2569 403 2646 ingenii
426 2581 455 2628 et
478 2570 591 2628 consilii
613 2571 659 2636 sui
682 2571 876 2649 porrigentem

6 2739 7 2744 η
93 2677 180 2742 atque
202 2666 379 2739 tendentem,
397 2685 494 2753 nonne
521 2667 552 2724 in
577 2667 677 2742 primis
701 2667 875 2745 flagitiosum

6 2775 7 2788 ¹
92 2761 252 2840 putendum
265 2763 328 2820 estt
888 2769 920 2820 25

131 2954 212 3014 XLI.
245 2954 284 3014 Et
297 2934 432 3031 quoniam
451 2956 489 3014 de
507 2956 686 3034 impudentis
703 2955 773 3036 dixi,
790 2953 875 3014 oesti-

91 3052 296 3135 gemus-etiem
306 3053 460 3130 segnitiem
473 3053 622 3116 hominum
636 3064 720 3132 etque
731 3050 872 3132 inertium

129 3147 132 3152 .
326 3150 349 3211 7
819 3168 821 3171 v
