2167 3567
105 318 178 376 nm
389 319 432 366 ou
454 319 616 368 onerose
895 307 935 366 95

105 463 157 523 ille
177 466 327 524 damnatus
347 477 390 524 est
410 466 517 526 nullam
538 467 623 526 aliem
642 466 680 525 ob
699 464 814 541 culpam
833 464 889 524 nisi

104 573 221 637 propter
235 563 349 620 dicendi
371 563 561 634 inscientiam,-
575 574 670 620 tamen
686 579 746 620 ase
759 572 889 636 oportere

104 657 206 716 dicunt
227 659 285 735 peti
304 671 447 735 praecepta
463 660 598 718 dicendi?
637 659 820 722 Quibuscum
833 677 889 734 ego

98 745 164 812 ‚riou
184 772 290 830 pugno,
305 766 399 812 utrum
413 757 450 814 sit
463 756 565 814 melius
586 766 634 814 aut
647 755 741 812 verius
751 774 761 812 :·
778 765 889 812 tantum

104 849 183 920 dico,
199 860 228 908 et
247 851 323 909 aliud
343 852 412 910 illud
432 871 495 910 esse
517 862 601 927 atque
622 852 687 920 hoe,
702 862 732 908 et
750 851 807 908 hoc
823 849 919 934 'sinet

104 946 157 1006 illo
171 967 312 1006 summum
326 968 388 1006 esse
401 968 494 1026 posse.
528 1004 533 1014 ,

97 1191 99 1196 ,
146 1140 207 1200 LV.
237 1139 267 1198 N
270 1161 325 1212 arn,
340 1141 414 1216 qnod
431 1142 478 1218 jus
498 1141 593 1213 civile,
607 1141 720 1212 Crasse,
735 1151 792 1198 tam
806 1140 889 1198 rebe·

104 1248 217 1295 menter
238 1238 382 1312 amplexus
401 1257 449 1308 es3
478 1238 570 1308 video,
591 1238 659 1313 quid
680 1238 790 1314 egeris:
817 1247 888 1308 tum,

105 1353 173 1392 eum
200 1333 326 1405 dicebas,
354 1334 492 1392 videbam.
545 1334 671 1392 Primum
699 1332 834 1390 Scoerolae
859 1343 888 1390 te

3 1481 4 1492 ,
108 1429 250 1510 [dedisti]
274 1450 356 1506 quern
381 1451 480 1490 omnes
507 1451 602 1490 amare
629 1431 811 1491 meritissimo
836 1441 934 1506 proto

106 1531 169 1606 ejus
201 1530 306 1588 eximiii
339 1532 476 1588 suavitate
503 1531 656 1601 debemus3
690 1531 772 1606 cujus
800 1541 888 1587 artem

105 1645 174 1683 cum
206 1625 362 1683 indotatam
396 1645 458 1683 esse
491 1637 520 1684 et
556 1628 731 1702 incomptam
768 1626 888 1697 rideres,

105 1723 256 1778 verborum
277 1741 339 1779 earn
357 1723 423 1780 dote
437 1723 618 1799 locupletasti
632 1734 660 1780 et
674 1723 790 1780 orndsti.
832 1722 889 1779 De·

102 1817 184 1889 inde,
199 1819 274 1893 quod
288 1819 317 1876 in
339 1820 374 1876 ed
393 1829 424 1876 tu
444 1819 508 1894 plus
528 1839 621 1894 operae
640 1819 800 1894 laborisque
821 1837 889 1876 eon·

106 1933 258 1986 sumseras,
282 1932 349 1972 oum
375 1915 435 1990 ejus
462 1915 549 1973 studii
576 1914 628 1972 tibi
655 1926 684 1972 et
711 1913 837 1972 hortator
859 1925 889 1972 et
904 1922 935 1972 15

105 2009 240 2085 magister
261 2021 335 2066 esset
355 2010 443 2081 domi,
458 2011 563 2068 veritus
578 2029 619 2080 es,
633 2011 690 2067 nisi
703 2010 784 2068 istam
801 2024 887 2068 artem

106 2106 237 2167 oratione
263 2106 475 2182 exaggerdsses,
502 2124 540 2163 ne
566 2125 680 2180 operam
710 2106 887 2182 perdidisses.

107 2201 166 2260 Sed
186 2219 297 2278 egone
317 2220 384 2261 oum
405 2201 459 2258 iste
479 2200 594 2276 quidem
615 2211 674 2258 arte
693 2219 798 2278 pugno.
844 2202 888 2258 Sit

107 2308 284 2370 aauetautu,
299 2309 432 2372 quantam
453 2309 482 2356 tu
504 2297 581 2356 illam
595 2315 658 2354 esse
671 2297 721 2355 vis.
762 2297 887 2368 Etenim,

107 2393 169 2454 eine
189 2393 393 2465 controversiti,
408 2404 436 2450 et
449 2413 555 2470 magna
567 2405 619 2463 est,
634 2405 663 2450 et
681 2394 739 2450 lete
758 2405 845 2469 patet,
859 2405 888 2452 et
903 2406 935 2456 m

108 2489 144 2548 ud
164 2490 268 2548 multos
287 2491 419 2565 pertinet,
434 2500 462 2547 et
476 2509 588 2546 summo
608 2491 637 2547 iu
657 2490 764 2548 honore
778 2509 888 2566 semper

109 2584 176 2655 suit3
204 2595 233 2642 et
253 2585 403 2643 clarissimi
431 2586 508 2642 cives
527 2585 561 2643 ei·
575 2586 670 2643 studio
696 2587 782 2643 etiam
803 2586 889 2643 bodie

107 2691 248 2756 presunt:
282 2681 332 2738 sed
359 2681 432 2752 vide,
447 2682 561 2753 Crasse,
588 2701 635 2753 ne,
662 2682 730 2739 dum
759 2701 834 2740 novo
860 2693 889 2740 et

109 2775 202 2834 alieno
216 2786 317 2834 ornatu
331 2777 400 2834 velis
414 2795 515 2834 ornare
533 2777 605 2853 juris
622 2777 715 2835 civilis
728 2778 888 2850 scientiam,

108 2889 161 2930 suo
187 2891 300 2948 quoque
326 2891 400 2944 earn,
427 2891 567 2931 concesso
592 2883 621 2931 et
647 2874 761 2944 tradito,
784 2874 889 2949 spolies
903 2888 935 2938 25

111 2977 194 3044 atque
212 2969 347 3028 denudes.
388 2967 418 3025 N
421 2987 476 3041 am,
496 2969 521 3026 si
542 2969 583 3026 ita
601 2969 723 3041 diceres,
740 2969 789 3044 qui
806 2970 890 3046 juris·

111 3063 256 3128 consutus
275 3074 359 3136 esset,
372 3081 436 3126 esse
455 3079 522 3120 eum
538 3074 689 3137 oratorem,
704 3065 828 3141 itemque
839 3065 888 3141 qui
